2055 3364
282 242 365 302 53
784 242 1144 292 cA'rULLUS.
1181 245 1338 292 xm.

286 392 455 451 Saeva
478 392 631 468 quod
660 393 931 450 horrebas
954 393 1132 470 prisci
1157 404 1446 471 praecepta
1470 392 1758 470 parentia

285 489 561 546 Attamen
590 487 652 546 in
681 500 897 547 vestras
923 490 1156 567 potuisti
1183 490 1395 549 ducere
1423 491 1610 562 sedes,
1755 502 1851 554 160

284 585 439 649 Quae
466 585 573 643 tibi
594 587 855 663 jucundo
882 589 1186 647 famularer
1213 607 1378 646 serva
1404 589 1618 660 labore,

284 682 556 741 Candida
582 686 947 760 permulcens
972 685 1203 760 liquidis
1229 684 1471 762 vestigia
1495 683 1764 761 lymphis,

282 779 650 857 Purpurefive
678 792 841 840 tuum
870 793 1245 840 consternens
1273 791 1434 841 veste.
1458 781 1666 840 cubile.

287 877 406 935 Sed
460 878 597 954 quid
651 897 760 954 ego
814 879 1033 954 ignaris
1094 877 1480 955 nequidquam
1536 894 1856 954 conqueror

447 972 620 1043 auriS,

286 1067 602 1136 Externata
630 1069 801 1140 maie,
828 1087 977 1146 quae,
1008 1069 1182 1128 nullis
1209 1068 1474 1126 sensibus
1501 1080 1708 1142 auctae,
1761 1082 1862 1134 165

288 1165 420 1224 Neo
446 1165 650 1224 missas
674 1167 877 1225 audire
905 1177 1141 1243 queunt,
1171 1185 1282 1224 nec
1309 1166 1550 1224 reddere
1577 1185 1752 1224 voces
1772 1167 1800 1223 Ἰ

286 1264 394 1323 Ille
424 1274 615 1322 autem
641 1283 816 1340 prope
838 1265 957 1342 jam
987 1264 1193 1323 mediis
1219 1274 1475 1322 versatur
1503 1263 1562 1322 in
1591 1263 1799 1335 undis3

285 1361 348 1420 Ν
349 1382 419 1421 ee
444 1362 743 1440 quisquam
774 1374 1009 1440 apparet
1035 1362 1220 1421 vacufi
1249 1362 1502 1420 mortalis
1528 1362 1588 1419 in
1619 1361 1785 1438 algft.-

288 1460 409 1531 Sic,
440 1459 613 1517 nimis
639 1459 922 1516 insultans
948 1471 1206 1518 extremo
1231 1469 1507 1536 tempore,
1535 1475 1688 1516 δῦνε.

287 1555 433 1616 Fors
460 1555 633 1612 etiam
662 1555 869 1613 nostris
898 1556 1103 1612 invidit
1129 1556 1425 1631 questibus
1455 1574 1638 1614 aures·
1766 1569 1866 1620 170

288 1653 514 1730 Jupiter
540 1650 902 1727 omnipotens
926 1653 938 1709 Ε
985 1651 1204 1709 utinam
1235 1670 1312 1709 ne
1338 1660 1594 1728 tempore
1622 1650 1811 1728 primo

286 1750 535 1811 Gnossia
559 1750 856 1827 Cecropiae
883 1750 1207 1827 tetigissent
1233 1750 1400 1807 litora
1426 1768 1683 1826 puppes;

287 1848 577 1907 Indomito
605 1866 716 1905 nec
741 1848 867 1905 dira
894 1848 1085 1905 ferens
1113 1847 1398 1925 stipendia
1425 1858 1590 1905 tauro

286 1948 547 2006 Perfidus
574 1947 635 2005 in
663 1946 897 2004 Cretam
928 1946 1228 2025 religasset
1254 1947 1452 2005 navita
1477 1947 1676 2004 funem
1699 1965 1716 2016 3

287 2044 420 2103 Nee
446 2045 629 2102 malus
657 2044 773 2114 hie,
803 2044 1000 2101 celans
1029 2044 1183 2101 dulci
1209 2044 1471 2102 crudelia
1494 2040 1677 2103 sormfi
1764 2057 1864 2111 1575

288 2140 569 2211 Consilia,
596 2141 655 2197 in
686 2139 895 2221 nostris
920 2139 1238 2215 requiesset
1265 2140 1498 2197 sedibus
1526 2139 1766 2216 hospes!

287 2238 443 2298 Nam
470 2257 582 2314 quo
610 2255 702 2293 me
731 2236 1015 2294 reseram?
1057 2237 1212 2314 quali
1240 2256 1339 2313 spe
1369 2236 1592 2314 perdita
1617 2235 1814 2295 nitar?

289 2332 751 2415 [Idomeniosne]
782 2344 972 2409 petam
1001 2336 1271 2393 montes?
1315 2346 1391 2406 at,
1419 2334 1647 2411 gurgite
1673 2333 1794 2393 lato

285 2432 659 2503 DiscernenS,
688 2431 847 2507 ponti
874 2432 1265 2489 truculentum
1295 2430 1498 2489 dividit
1525 2450 1734 2507 aequor.

283 2530 383 2588 An
402 2529 579 2604 patris
602 2527 873 2587 auxilium
898 2547 1120 2604 sperem
1142 2531 1166 2585 ’Ξ
1207 2546 1454 2605 quemne
1483 2527 1609 2605 ipsa
1628 2528 1860 2606 reliqui,

284 2625 641 2701 Respersum
663 2626 936 2701 juvenem
964 2624 1218 2684 fraterna
1243 2626 1402 2683 oaede
1432 2627 1676 2685 secuta?
1761 2642 1856 2691 181

281 2720 565 2799 conjugis
592 2739 666 2779 an
697 2721 811 2779 fido
838 2722 1098 2781 consoler
1126 2732 1340 2781 memet
1367 2723 1605 2780 amore?

277 2818 481 2882 Quine
510 2818 658 2897 fugit
684 2818 870 2877 lentos
895 2820 1206 2879 incurvans
1231 2820 1460 2899 gurgite
1485 2839 1674 2881 remos
1692 2823 1719 2878 Ἰ
