2055 3364
308 285 388 344 54
818 280 1177 327 CATULLUS.
1206 279 1360 325 xm.

311 434 425 493 His
451 450 656 509 corpus
681 432 989 491 tremulum
1015 432 1405 509 complectens
1432 427 1687 504 undique
1712 438 1891 507 quer-

468 550 592 602 cue,

310 627 577 688 Candida
602 626 887 704 purpurea
915 644 1088 702 quam
1117 625 1279 701 Tyro
1304 612 1629 682 incinxerat
1654 626 1795 683 ora:

311 727 394 785 At
420 742 582 784 roseo
609 725 792 783 niveae
818 723 1148 783 residebant
1174 722 1387 780 vertice
1414 722 1587 793 vittae,

311 823 730 897 AEternumque
758 838 964 878 manus
993 820 1308 896 carpebant
1333 819 1441 876 rite
1469 818 1737 877 laborem.

309 920 486 979 Laeva
510 920 700 977 colum
729 917 886 975 molli
912 916 1049 973 lana
1076 917 1360 974 retinebat
1390 917 1699 973 amictum:

308 1014 561 1074 Dextera
588 1023 709 1071 tum
737 1012 935 1070 leviter
966 1012 1262 1069 deducens
1290 1011 1385 1068 fila
1414 1010 1637 1086 supinis

309 1111 620 1171 Formabat
645 1108 874 1185 digitis3
917 1116 1039 1165 tum
1068 1126 1247 1185 prono
1274 1107 1334 1170 in
1372 1107 1583 1183 pollice
1608 1116 1895 1184 torquens

308 1208 607 1269 Libratum
635 1207 802 1265 tereti
817 1207 1091 1264 versabat
1117 1206 1346 1271 turbine
1376 1206 1599 1263 fusum:
1786 1220 1897 1269 315

309 1308 503 1383 Atque
532 1306 615 1364 ita
639 1306 956 1381 decer-”pens
986 1306 1247 1380 aequabat
1274 1320 1499 1379 semper
1524 1322 1668 1379 opus
1693 1303 1843 1361 dens
1866 1324 1895 1375 ;

310 1402 621 1477 Laneaque
650 1400 884 1459 aridulis
913 1400 1205 1458 haerebant
1234 1416 1422 1457 morsa
1446 1398 1689 1470 labellis,

308 1499 464 1562 Quae
489 1498 646 1573 prius
674 1497 734 1553 in
761 1496 874 1552 levi
903 1498 1129 1553 fuerant
1156 1494 1440 1554 exstantia
1468 1494 1581 1552 filo.

309 1595 470 1652 Ante
496 1592 672 1667 pedes
701 1600 891 1648 autem
919 1592 1225 1648 candentis
1252 1591 1447 1649 mollia
1472 1590 1619 1647 lanae

307 1689 544 1750 Vellera
568 1686 772 1763 virgati
799 1686 1165 1744 custodibant
1187 1685 1511 1744 calathisci.
1784 1703 1899 1753 320

308 1786 421 1846 Hae
449 1794 571 1842 tum
599 1782 884 1840 clarisona
911 1783 1192 1859 pellentes
1219 1783 1431 1842 vellera
1456 1801 1617 1855 voce,

308 1881 482 1942 Talia
508 1879 707 1938 divino
731 1879 1004 1937 fuderunt
1032 1881 1291 1938 carmine
1318 1879 1455 1951 fata,

308 1977 604 2049 Carmine,
632 1976 885 2053 perfidiae
912 1977 1063 2052 quod
1092 1987 1219 2054 post
1246 1977 1405 2036 nulla
1436 1985 1637 2054 arguet
1664 1985 1843 2036 aetas:

385 2076 444 2134 Ο
471 2077 657 2133 decus
677 2073 972 2146 eximium,
1002 2075 1231 2150 magnis
1258 2075 1562 2134 virtutibus
1590 2087 1832 2152 augens,

307 2171 594 2234 Emathiae
617 2180 878 2228 tutamen
905 2169 1051 2246 opis„
1081 2172 1397 2231 clarissime
1427 2174 1595 2232 nato!
1784 2181 1893 2238 325

307 2269 553 2347 Accipe,
583 2267 734 2344 quod
761 2265 892 2325 laeta
920 2265 1024 2324 tibi
1053 2270 1317 2345 pandunt
1342 2271 1475 2328 luce
1502 2286 1741 2344 sorores,

307 2367 644 2426 veridicum
667 2364 952 2423 oraclum:
992 2365 1095 2422 sed
1117 2384 1235 2438 vos,
1254 2369 1381 2442 qu'ae
1402 2367 1520 2425 fata
1540 2377 1887 2444 sequuntur,

308 2463 560 2536 Currite,
589 2464 870 2520 ducentes
898 2461 1244 2536 subtemina,
1274 2464 1506 2537 currite,
1538 2465 1667 2523 fusi.

385 2561 678 2618 Adveniet
704 2559 808 2618 tibi
830 2560 949 2638 jam
975 2569 1209 2636 portans
1232 2571 1426 2638 optata
1452 2561 1673 2620 maritis

307 2657 633 2734 Hesperus:
673 2657 938 2714 adveniet
960 2657 1149 2715 fausto
1165 2677 1299 2716 cum
1322 2657 1511 2716 sidere
1529 2658 1763 2738 cqnjux,
1787 2673 1885 2724 330

305 2754 460 2817 Quae
487 2752 592 2810 tibi
621 2751 930 2812 flexanimo
956 2765 1211 2814 mentem
1239 2755 1548 2832 perfundat
1569 2775 1783 2829 amore,

303 2849 812 2930 Languidulosque
837 2859 1000 2926 paret
1025 2861 1218 2911 tecum
1246 2853 1598 2934 conjungere
1626 2867 1883 2929 somnos,
