2055 3364
683 295 1047 343 effussus,
1079 295 1235 342 xvu.
1664 299 1738 355 19

154 443 319 502 Tam
345 444 561 522 gaudet
588 444 649 504 in
680 463 762 519 se,
790 456 1021 522 tamque
1050 465 1114 504 se
1141 445 1262 524 ipse
1292 446 1547 504 miratur.

155 541 457 602 Nimirum
486 543 639 602 idem
664 564 867 604 omnes
892 544 1181 616 fallimur3
1225 562 1412 620 neque
1455 554 1544 602 est
1583 543 1740 620 quis-

322 659 517 716 quam,

154 735 361 800 Quem
392 757 509 796 non
540 738 599 796 in
629 738 819 814 aliqua
846 758 908 796 re
936 737 1130 796 videre
1161 738 1462 796 Suffenum

158 835 373 895 Possis,
459 836 615 895 Suus
634 837 881 913 quoique
910 835 1216 894 attributus
1243 846 1330 894 est
1357 853 1513 894 error
1537 857 1549 893 :
1677 850 1741 900 20

161 931 284 990 Sed
313 952 432 992 non
459 933 741 1007 videmus,
771 935 1040 993 manticae
1067 933 1216 1010 quod
1248 932 1309 990 in
1339 943 1500 1010 tergo
1527 941 1630 991 est.

645 1190 1010 1250 CARMEN
1059 1189 1264 1250 XVII.

763 1347 873 1408 Ad
894 1349 1157 1407 Furium.

246 1504 411 1579 Furi,
438 1505 575 1582 quoi
602 1495 792 1582 neque
819 1523 1017 1564 servus
1045 1515 1152 1578 est,
1181 1404 1370 1582 neqNue
1397 1521 1552 1579 arca,

246 1600 381 1660 Nec
408 1601 621 1675 cimex,
649 1619 838 1680 neque
866 1620 1131 1676 araneus,
1159 1621 1346 1680 neque
1375 1601 1526 1680 ignis
1549 1622 1564 1674 3

246 1698 472 1761 Verum
499 1709 588 1759 est
612 1709 673 1758 et
699 1709 881 1778 pater,
908 1711 968 1759 et
994 1718 1262 1775 noverca,
1291 1718 1532 1776 quorum

246 1796 473 1858 Dentes
500 1798 589 1856 vel
618 1798 841 1857 silicem
870 1816 1138 1858 comesse
1162 1806 1402 1874 possunt
1424 1817 1439 1867 3

248 1894 355 1954 Est
383 1895 622 1972 pulchre
648 1896 755 1953 tibi
782 1914 917 1953 cum
939 1906 1040 1953 tuo
1065 1904 1325 1971 parente,
1714 1906 1748 1955 5

248 1992 329 2052 Et
358 2012 495 2051 cum
523 1992 773 2071 conjuge
801 1992 995 2069 lignefi
1022 1990 1302 2068 parentis.

253 2087 390 2147 Nec
416 2089 625 2147 mirum
652 2108 665 2146 :
708 2090 858 2147 bene
886 2106 1023 2147 nam
1051 2086 1256 2148 valetis
1279 2104 1484 2146 omnes
1509 2107 1522 2145 :

255 2183 507 2244 Pulchre
536 2186 897 2263 concoquitis
920 2206 936 2257 ;
979 2185 1124 2244 nihil
1152 2182 1404 2255 timetis;

250 2281 392 2341 Non
420 2282 713 2356 incendia,
742 2303 859 2342 non
888 2302 1094 2361 graves
1119 2281 1337 2353 ruinae,

254 2377 392 2437 Non
420 2378 576 2437 facta
602 2379 798 2457 impia,
826 2400 945 2439 non
974 2379 1138 2437 dolos
1164 2375 1396 2448 veneni,
1693 2389 1752 2437 10

252 2474 393 2535 Non
423 2494 595 2536 casus
624 2476 764 2535 alios
789 2477 1194 2553 periculorum.
1329 2472 1336 2480 ’

260 2573 441 2650 Atqui
467 2591 707 2650 corpora
735 2572 980 2631 sicciora
1008 2592 1212 2642 cornu,

259 2671 400 2743 Aut,
432 2670 619 2745 siquid
648 2669 835 2746 magis
864 2669 1086 2727 aridum
1113 2678 1223 2739 est,
1251 2664 1496 2738 habetiS,

262 2768 416 2841 Sole,
445 2777 505 2826 et
533 2767 763 2845 frigore,
793 2776 851 2824 et
878 2764 1210 2824 esuritione.
1503 2760 1514 2771 ⁰

257 2863 462 2927 Quare
489 2882 607 2923 non
634 2862 741 2923 tibi
768 2862 843 2923 sit
870 2862 1019 2922 bene
1047 2881 1118 2920 ac
1146 2862 1354 2921 beate?
1695 2870 1756 2919 15

266 2961 320 3019 A
346 2970 405 3019 te
430 2960 606 3020 sudor
636 2960 817 3033 abest,
848 2959 1009 3037 abest
1045 2958 1241 3030 saliva,
