2055 3364
680 290 1041 343 cA'rULLUS.
1069 291 1221 341 XLII.
1664 291 1744 350 57

165 440 431 504 Nullane
460 463 551 502 res
577 444 762 522 potuit
789 446 1038 505 crudelis
1065 446 1296 504 flectere
1322 440 1532 502 mentis

169 540 544 599 Consilium?
586 542 689 599 tibi
719 542 876 600 nulla
903 544 1010 601 fuit
1038 543 1345 600 clementia
1370 553 1595 619 praestO,

171 637 410 694 Immite
441 648 501 695 ut
530 639 707 695 nostri
737 639 904 697 vellet
937 640 1359 719 [miserescere]
1391 640 1637 715 pectus?

171 734 256 791 At
287 752 403 791 non
435 736 558 793 haec
587 736 874 811 quondam
905 737 1069 794 nobis
1098 738 1373 813 promissa
1401 736 1608 792 dedisti

169 830 374 889 Voce:
407 830 546 888 mihi
571 852 683 889 non
718 834 826 891 hoc
851 835 1072 894 miserae
1102 853 1327 912 sperare
1348 832 1619 908 jubebas3
1656 847 1746 894 140

170 926 294 983 Sed
325 926 617 1013 connubia
646 929 792 1001 heta,
822 933 920 988 sed
949 944 1170 1009 optatos
1199 934 1525 1007 hymenaeos
1549 948 1562 999 ;

165 1023 332 1085 Quae
361 1035 577 1082 cuncta
607 1028 747 1084 aerii
777 1030 1109 1107 discerpunt
1139 1031 1297 1087 irrita
1325 1028 1496 1086 venti.

170 1122 309 1180 Jam
335 1122 644 1198 jam'nulla
673 1126 789 1183 viro
813 1128 1026 1203 juranti
1058 1129 1271 1184 femina
1299 1127 1531 1197 credat3

173 1218 359 1276 Nulla
387 1220 492 1277 viri
521 1231 710 1296 speret
737 1242 1029 1281 sermones
1057 1243 1183 1280 esse
1213 1213 1408 1280 fideles
1434 1242 1446 1278 τ

170 1315 325 1388 Qui,
383 1317 519 1374 dum
577 1318 786 1393 aliquid
857 1322 1097 1397 cupiens
1168 1320 1392 1377 animus
1458 1317 1748 1394 praegestit

343 1413 543 1489 apisci,
823 1424 834 1440 '
1653 1428 1745 1477 145

173 1510 284 1568 Nil
314 1521 578 1568 metuunt
601 1510 813 1587 jurare,
839 1512 980 1570 nihil
1004 1511 1331 1589 promittere
1355 1523 1625 1589 pareunt:

177 1609 323 1680 Sed,
342 1608 510 1665 simul
537 1627 604 1665 ac
629 1610 853 1686 cupidae
873 1612 1086 1669 mentis
1105 1612 1309 1669 satiata
1324 1611 1502 1667 libido
1524 1620 1629 1684 est,

176 1707 356 1766 Dicta
385 1707 526 1764 nihil
558 1707 835 1779 metuere,
866 1710 1006 1766 nihil
1037 1709 1287 1786 perjuria
1315 1719 1535 1766 curant.

171 1805 358 1863 Certe
388 1823 496 1881 ego
524 1815 580 1862 te
611 1805 670 1862 in
701 1807 889 1864 medio
921 1820 1238 1864 versantem
1270 1806 1497 1862 turbine
1525 1804 1624 1861 leti

175 1897 407 1978 Eripui,
437 1912 496 1958 et
523 1902 710 1977 potius
738 1921 1077 1978 germanum
1110 1903 1366 1958 amittere
1396 1900 1569 1971 crevi,
1660 1916 1752 1964 150

175 1999 380 2061 Quam
411 1999 515 2055 tibi
543 1999 732 2056 fallaci
762 2020 1026 2076 supremo
1058 2000 1114 2056 in
1145 2008 1397 2074 tempore
1426 1999 1703 2056 deessem.

179 2097 296 2155 Pro
325 2116 458 2172 qun,
487 2097 856 2154 dilaceranda
887 2097 1020 2154 feris
1049 2097 1225 2154 dabor
1256 2096 1594 2172 alitibusque

179 2195 425 2265 Praeda3
471 2213 656 2271 neque
685 2195 898 2272 inject&⁸
928 2196 1249 2253 tumulabor
1282 2205 1502 2252 mortua
1529 2195 1695 2252 terrfi.

175 2291 477 2353 Quaenam
508 2303 562 2348 te
592 2293 793 2368 genuit
821 2292 942 2349 solfi.
971 2294 1078 2349 sub
1106 2312 1244 2368 rupe
1273 2291 1497 2348 leaena?

179 2389 365 2451 Quod
435 2407 590 2446 mare
660 2401 1004 2465 conceptum
1065 2385 1462 2464 spumantibus
1529 2386 1755 2464 exspuit

345 2485 517 2542 undis
538 2487 564 2542 T
1661 2498 1753 2546 155

180 2583 340 2645 Quae
415 2581 619 2657 Syrti8‚
675 2600 800 2658 quae
877 2581 1074 2658 Scylla
1146 2596 1337 2651 vorax,
1392 2598 1516 2655 quae
1560 2571 1771 2639 ‘vasta'

344 2681 689 2755 Charybdis,

181 2779 358 2838 Talia
384 2779 484 2856 qui
512 2778 704 2837 reddis
732 2796 834 2854 pro
863 2775 1018 2834 dulei
1047 2775 1283 2852 praemia
1309 2775 1471 2833 vita?

181 2877 250 2936 Si
275 2875 378 2934 tibi
407 2894 525 2935 non
554 2876 714 2934 cordi
743 2875 970 2934 fuerant
996 2873 1292 2933 connubia
1318 2883 1531 2942 nostra,

580 2975 621 3030 5
650 2973 687 3011 e

1978 0 1990 59 -Ι
