2055 3364
674 283 1039 330 cA‘rULsz.
1079 285 1252 332 vai.
1691 291 1770 347 79

268 435 401 492 Lux
427 451 557 492 mea
583 453 646 492 se
674 443 932 492 nostrum
952 436 1198 496 contulit
1223 436 1284 494 in
1312 437 1614 514 gremium.
1643 504 1649 509 .
1678 453 1770 503 130

178 531 389 594 Quam
418 530 882 589 circumcursans
910 531 1050 590 hinc
1077 532 1242 591 illinc
1268 553 1420 610 saepe
1450 535 1678 612 Cupido

269 629 557 705 Fulge-bat
584 629 823 688 crocim‘i
852 630 1138 689 candidus
1167 631 1227 688 in
1257 631 1475 690 tunicii.

184 909 324 968 Hoc
353 909 479 982 tibi,
508 910 661 986 quod
690 909 869 986 potui,
900 909 1231 968 confectum
1274 909 1530 968 carmine
1559 927 1770 968 munus

267 1007 381 1065 Pro
410 1007 625 1080 multis,
654 1005 862 1080 Manli,
893 1009 1152 1066 redditur
1179 1008 1408 1080 officiiS,

182 1103 285 1164 Ne
317 1114 565 1163 vostrum
593 1105 798 1162 scabra
828 1116 1030 1181 tangat
1055 1105 1316 1182 robigine
1346 1124 1557 1162 nomen
1679 1118 1772 1168 150

272 1203 421 1260 Haec
451 1213 621 1278 atque
648 1203 744 1260 illa
774 1203 919 1274 dies,
951 1212 1120 1276 atque
1151 1202 1281 1272 alia,
1313 1213 1482 1278 atque
1513 1201 1640 1262 alia.

186 1299 330 1358 Huc
344 1299 560 1358 addent
582 1298 719 1354 Divi
738 1317 911 1374 quam
928 1297 1196 1374 plurima,
1219 1317 1347 1372 quae
1374 1297 1618 1354 Themis
1629 1297 1767 1356 olim

268 1395 547 1470 Antiquis
574 1395 741 1452 solita
758 1403 854 1452 ‘est
884 1411 1128 1452 munera
1155 1393 1304 1450 ferre
1332 1392 1460 1468 piis,
1795 1391 1804 1398 ’

188 1492 331 1552 Sitis
362 1491 563 1548 felices
591 1501 649 1548 et
678 1501 739 1546 tu
768 1489 939 1546 simul
968 1502 1022 1546 et
1055 1501 1155 1545 tua
1182 1489 1318 1558 vita,

271 1589 349 1646 Et
377 1589 582 1646 domus
612 1586 755 1663 ipsa,
786 1586 845 1644 in
874 1588 987 1663 qui
1006 1585 1270 1656 lusimm,
1289 1594 1346 1642 et
1369 1583 1642 1642 domina:
1678 1599 1770 1648 155

192 1686 299 1765 [Et
328 1686 427 1761 qui
454 1684 741 1761 principio
770 1684 937 1743 nobis
965 1695 1021 1741 te
1053 1682 1308 1754 tradidit,
1341 1700 1375 1739 a
1401 1701 1515 1758 quo

272 1785 425 1841 Sunt
450 1778 637 1859 primo
664 1781 831 1839 nobis
857 1780 1058 1839 omnia
1083 1792 1224 1839 nata
1251 1780 1404 1838 bona
1425 1778 1480 1852 ς]

186 1880 268 1939 Et
295 1881 467 1957 longe
497 1888 633 1937 ante
672 1896 895 1950 omnes,
924 1877 1070 1935 mihi
1111 1895 1239 1951 quae
1281 1894 1375 1934 me
1419 1875 1604 1934 carior
1645 1876 1770 1953 ipso

352 1986 461 2048 est,

271 2074 403 2134 Lux
429 2090 600 2142 mea3
640 2069 757 2149 qua
783 2068 914 2127 vivfi
938 2070 1126 2127 vivere
1157 2069 1328 2128 dulce
1357 2068 1500 2129 mihi
1526 2077 1630 2127 est.
1677 2082 1770 2131 160

657 2326 1021 2387 CARMEN
1072 2327 1296 2386 XLVI.

434 2488 533 2547 De
569 2485 979 2545 Inconstantici
1002 2485 1252 2563 feminei
1277 2484 1530 2543 Amoris.

188 2647 357 2707 Nulli
387 2667 449 2705 se
478 2647 621 2704 dicit
646 2646 851 2704 mulier
880 2665 1011 2702 mea
1039 2645 1257 2702 nubere
1286 2644 1478 2718 malle,

270 2744 472 2806 Quam
502 2742 644 2801 mihi
669 2764 686 2814 3
728 2760 846 2800 non
876 2741 924 2798 si
953 2760 1014 2798 se
1045 2740 1270 2817 Jupiter
1299 2740 1421 2817 ipse
1449 2750 1622 2817 petat.

188 2841 357 2900 Dicit
381 2861 394 2899 ε
438 2840 561 2913 sed,
590 2840 797 2899 mulier
826 2838 1043 2916 cupido
1068 2838 1216 2916 quod
1248 2838 1394 2896 dicit
1421 2836 1658 2908 amanti,

271 2940 343 2997 In
372 2949 545 2996 vento
575 2950 635 2996 et
663 2937 867 3014 rapidzi
895 2937 1152 2995 scribere
1178 2945 1404 3012 oportet
1431 2933 1597 3009 aqud.
