2055 3364
297 269 375 330 50
809 259 1170 313 cA‘ruLLus.
1197 250 1352 312 xm.

296 421 452 484 Quae
480 417 749 476 mandata
774 416 933 494 prius
960 415 1248 474 constanti
1277 426 1468 473 mente
1495 415 1730 475 tenebat
1754 431 1768 475 τ

300 515 511 575 Dulcia
538 534 649 572 nec
678 527 879 572 moesto
908 513 1210 573 sustollens
1239 514 1404 588 signa
1431 514 1674 588 parenti,
1777 524 1876 578 210

302 613 584 688 Sospitem
616 623 673 668 et
710 623 965 686 ereptum
1011 629 1072 666 se
1113 611 1376 666 ostendit.
1403 609 1584 666 visere
1625 621 1877 685 portum.

302 708 567 782 Namque
598 708 807 776 ferunt,
836 707 970 762 olim
1002 705 1169 762 classi
1201 725 1354 774 cum,
1387 707 1596 762 moenia
1627 705 1792 762 Divae

302 803 708 878 Linquentem‚
738 815 935 859 natum
968 803 1151 858 ventis
1180 803 1554 858 concrederet
1587 801 1834 878 AEgeuS,

303 899 477 957 Talia
505 899 864 972 complexum
891 898 1088 974 juveni
1121 899 1388 954 mandata
1419 899 1644 954 dedisse
1671 917 1682 954 ε

380 995 553 1065 Nate,
584 994 724 1049 mihi
754 993 925 1068 longa
948 992 1257 1067 jucundior
1289 993 1458 1050 unice
1488 995 1623 1065 vita,
1779 1007 1880 1056 215

303 1091 476 1161 Nate,
506 1110 615 1167 ego
640 1109 809 1166 quem
841 1090 899 1146 in
928 1089 1133 1146 dubios
1165 1109 1338 1165 cogor
1365 1090 1653 1147 dimittere
1681 1110 1878 1164 casus,

300 1186 555 1244 Reddite
585 1188 643 1244 in
673 1199 941 1243 extremae
970 1204 1152 1262 nuper
1183 1185 1323 1243 mihi
1353 1186 1468 1244 fine
1497 1198 1766 1259 senectae,

298 1283 785 1359 Quandoquidem
818 1285 1046 1342 fortuna
1073 1303 1221 1355 mea,
1245 1295 1434 1341 actua
1456 1285 1672 1342 fervida
1694 1285 1880 1344 virtus

302 1380 487 1456 Eripit
514 1381 691 1438 invito
718 1381 859 1438 mihi
888 1393 964 1454 te,
992 1379 1126 1455 quoi
1155 1380 1428 1456 languida
1455 1381 1713 1438 nondum

300 1477 553 1535 Lumina
578 1489 712 1534 sunt
740 1477 861 1534 nati
891 1477 1026 1534 cara
1055 1486 1308 1533 saturata
1335 1476 1519 1552 figura
1542 1496 1557 1546 ;
1777 1491 1878 1540 220

302 1573 438 1631 Non
467 1593 577 1650 ego
602 1583 659 1630 te
688 1575 947 1648 gaudens
976 1573 1192 1628 loetanti
1219 1585 1450 1647 pectore
1481 1574 1722 1647 mittam,

301 1671 432 1731 Nec
460 1682 516 1729 te
547 1671 692 1729 ferre
722 1671 905 1729 sinam
936 1667 1208 1728 Fortunae
1237 1669 1404 1746 signa
1431 1673 1736 1730 secundae:

304 1772 421 1829 Sed
474 1770 719 1847 primum
778 1769 985 1826 multas
1037 1786 1366 1845 expromam
1421 1780 1614 1827 mente
1677 1791 1882 1846 quere-

460 1868 565 1939 laS,

302 1964 592 2023 Canitiem
622 1964 774 2021 terra
802 1974 970 2039 atque
998 1963 1190 2020 infuso
1215 1963 1448 2039 pulvere
1477 1963 1700 2021 foedans
1723 1982 1738 2023 z

301 2061 449 2119 Inde
478 2061 693 2117 infecta
720 2080 865 2136 vago
892 2061 1240 2135 suspendam
1269 2060 1448 2117 lintea
1475 2061 1643 2133 malt),
1777 2075 1877 2126 225

302 2158 546 2215 Nostros
573 2168 636 2213 ut
663 2157 870 2228 luctus,
901 2167 1221 2231 nostraeque
1252 2155 1526 2215 incendia
1553 2157 1783 2231 mentis,

302 2254 594 2311 Carbasus
621 2252 1051 2309 obscura.dicat
1079 2251 1370 2327 ferrugine
1401 2253 1587 2311 lbera.

299 2351 477 2414 Quod
506 2349 611 2407 tibi
638 2348 687 2405 si
716 2348 901 2405 sancti
932 2347 1283 2405 concesserit
1313 2350 1503 2407 incola
1531 2349 1704 2421 Itoni,

306 2448 487 2526 (Quae
514 2458 769 2505 nostrum
800 2466 984 2522 genus
1014 2464 1083 2502 ac
1113 2447 1278 2503 sedes
1307 2446 1617 2505 defendere
1647 2448 1808 2506 fretis

302 2545 557 2623 Annuit)
582 2557 645 2602 ut
665 2544 813 2601 tauri
837 2562 1134 2619 respergas
1153 2544 1434 2621 sanguine
1453 2545 1710 2602 dextram
1729 2566 1743 2616 3
1779 2560 1878 2612 230

302 2643 459 2701 Tum
490 2660 621 2699 vero
650 2642 841 2712 facito,
872 2653 933 2698 ut
964 2642 1201 2699 memori
1230 2642 1334 2699 tibi
1363 2642 1598 2699 condita
1625 2644 1799 2702 corde

300 2740 449 2799 Haec
476 2740 709 2817 vigeant
738 2740 1040 2811 mandata3
1085 2760 1195 2798 nec
1223 2740 1338 2798 ulla
1365 2740 1629 2799 obliteret
1655 2751 1795 2801 aetas
1820 2762 1833 2800 :

300 2836 399 2912 Ut,
428 2836 595 2895 simul
626 2855 697 2894 ac
725 2844 949 2895 nostros
977 2836 1228 2895 invisent
1253 2836 1476 2896 lumina
1499 2838 1697 2911 colles,
