2055 3364
285 268 362 325 12
879 262 1243 311 emmaus,
1273 262 1359 309 rx.

361 414 557 474 Cinna
583 423 673 473 est
700 413 918 471 Caius:
963 413 1012 471 is
1040 412 1149 471 sibi
1177 412 1415 490 paravit.
1788 428 1857 477 30

361 512 602 582 Verum,
631 521 822 570 utrum
851 510 1004 569 illius
1034 529 1109 568 an
1134 510 1273 582 mei,
1294 508 1431 587 quid
1460 509 1534 567 ad
1562 510 1695 569 me'l

360 604 503 667 Utor
531 617 648 665 tam
680 608 846 679 bene,
877 626 1047 684 quam
1074 607 1218 664 mihi
1242 606 1512 683 paratim.

362 703 482 763 Sed
509 715 571 762 tu
601 703 821 763 insulsa
847 706 998 763 male
1025 713 1085 762 et
1112 704 1353 763 molesta
1378 702 1540 777 viviS,

358 800 471 860 Per
497 820 670 879 quam
697 820 816 861 non
841 801 981 859 lieet
1007 820 1135 859 esse
1164 800 1572 879 negligentem.

811 1057 1174 1119 CARMEN
1214 1058 1325 1117 IX.

858 1217 966 1275 Ad
988 1217 1279 1275 Asinium.

365 1375 700 1435 Marrucine
730 1376 922 1450 Asini,
952 1395 1129 1435 manu
1158 1374 1392 1435 sinistra

360 1472 498 1531 Non
529 1473 676 1531 belle
703 1474 880 1531 uteris
908 1472 969 1531 in
992 1473 1129 1550 joeo
1156 1483 1325 1551 atque
1354 1471 1519 1531 vino:

364 1567 552 1627 Tollis
579 1568 758 1625 lintea
791 1567 1296 1643 negligentiorum.

363 1663 498 1723 Hoc
523 1664 736 1722 salsum
764 1682 890 1721 esse
917 1664 1127 1740 putas?
1170 1662 1348 1740 Fugit
1373 1674 1451 1735 te,
1481 1663 1673 1741 inepte
1697 1685 1712 1737 ;

331 1772 337 1776 ’
360 1759 650 1824 Quamvis
675 1759 908 1820 sordida
930 1779 1024 1818 res
1052 1769 1111 1817 et
1138 1759 1443 1818 invenusta
1469 1770 1573 1820 est.
1828 1777 1865 1826 5

361 1857 502 1922 Non
529 1857 718 1916 eredis
745 1856 886 1914 mihi
908 1857 932 1913 'l
975 1855 1167 1930 Crede
1194 1854 1439 1914 Pollioni

363 1954 574 2027 Fratri,
603 1953 702 2032 qui
729 1963 830 2012 tua
856 1954 1007 2012 furta
1034 1952 1122 2010 vel
1150 1953 1367 2010 talento

363 2051 582 2111 Mutari
609 2052 744 2110 velit
770 2071 784 2108 ε
824 2061 912 2108 est
938 2050 1095 2109 enim
1122 2050 1380 2127 leporum

365 2148 631 2211 Disertus
657 2166 819 2223 puer,
849 2165 919 2204 ae
947 2145 1305 2204 facetiarum.

361 2245 568 2308 Quare
598 2253 695 2301 aut
723 2242 1233 2318 hendecasyllabos
1269 2252 1557 2302 trecentos
1796 2261 1861 2309 10

365 2343 676 2419 Exspecta,
707 2350 804 2399 aut
833 2339 975 2399 mihi
1002 2340 1243 2398 linteum
1273 2340 1497 2398 remitte
1521 2361 1536 2412 3

363 2439 544 2502 Quod
573 2457 666 2496 me
693 2457 812 2497 non
840 2447 1031 2496 movet
1058 2437 1454 2510 aestimatione,

364 2536 585 2595 Verum
612 2545 699 2593 est
725 2553 1142 2610 mnemosynon
1172 2533 1288 2592 mei
1314 2533 1563 2593 sodalis:

364 2631 522 2692 Nam
551 2631 782 2690 sudaria
803 2632 1026 2690 -Setaba
1054 2649 1128 2689 ex
1155 2631 1341 2690 Iberis

367 2728 656 2788 Miserunt
686 2729 828 2790 mihi
851 2729 1076 2787 muneri
1105 2728 1383 2787 Fabullus
1792 2745 1859 2795 15

364 2825 444 2885 Et
468 2824 818 2885 VeranniuS.
901 2825 1051 2883 Haee
1082 2843 1269 2886 amem
1296 2841 1537 2884 neeesse
1563 2834 1671 2898 est,

363 2923 443 2982 Ut
468 2920 889 2982 Veranniolum
918 2940 1109 2980 meum
1138 2932 1199 2980 et
1226 2921 1551 2981 Fabullum.
