2055 3364
695 264 1056 313 cA'ruLLus
1085 267 1225 327 xxr.
1658 270 1735 327 21

162 414 462 495 Idemque,
492 413 725 488 Thalle,
752 416 985 475 turbida
1011 416 1274 495 rapacior
1301 417 1577 495 procella,

161 513 316 571 Cum
345 512 480 571 diva
506 512 710 571 mulier
740 532 872 571 aves
898 515 1155 573 ostendit
1178 514 1553 572 occinentes!

161 610 426 668 Remitte
453 609 692 687 pallium
719 610 882 683 mihi,
907 631 1099 671 meum
1128 612 1281 687 quod
1310 612 1595 685 involasti,
1707 626 1740 675 5

159 706 590 783 sudariumque
629 707 928 779 Setabum,
955 708 1445 785 catagraphosque
1474 709 1739 785 Thynoffi

160 803 394 881 Inepte,
421 824 548 881 quae
576 805 768 882 palam
797 804 955 863 soles·
974 804 1209 879 habere,
1238 814 1511 882 tanquam
1556 806 1707 864 avita
1723 826 1738 877 ;

157 900 322 964 Quae
350 920 512 959 nunc
537 901 652 959 tuis
681 902 753 960 ab
776 900 1065 979 unguibus
1086 902 1393 979 reglutina,
1416 912 1475 959 et
1494 902 1741 975 remitte,

161 997 261 1057 Ne
291 997 523 1056 laneum
550 998 919 1073 latusculum,
947 1018 1265 1076 manusque
1292 999 1649 1073 mollicellas,

162 1094 374 1155 Inusta
399 1095 638 1173 turpiter
665 1096 771 1154 tibi
799 1096 1026 1175 flagella
1054 1096 1507 1169 conscribillent,
1582 1140 1587 1145 -
1678 1110 1741 1159 10

159 1192 245 1253 Et
271 1192 586 1252 insolenter
617 1204 842 1266 aestues,
874 1190 1039 1251 velut*
1055 1193 1280 1252 minuta
1306 1212 1518 1271 magno

157 1290 470 1369 Deprensa
497 1278 660 1349 navis
687 1290 748 1349 in
775 1290 940 1364 mari,
970 1290 1305 1348 vesaniente
1330 1300 1519 1349 vento.

691 1534 1056 1617 CARMEN
1094 1534 1235 1595 XX.

766 1670 874 1730 Ad
894 1668 1159 1730 Furium.

251 1831 419 1904 Furi,
446 1831 640 1890 villula
673 1819 922 1910 [nostra]
954 1850 1073 1889 non
1104 1830 1174 1887 ad
1207 1830 1407 1888 Austri

249 1929 456 1988 Flatus
476 1931 736 2006 opposita
761 1938 869 1998 est,
898 1946 1010 1984 nec
1042 1927 1113 1983 ad
1142 1925 1387 1998 Favoni,
1464 1950 1472 1956 ·

249 2025 386 2084 Nec
415 2026 550 2084 saevi
578 2025 797 2095 Boreae,
829 2032 926 2080 aut
947 2021 1257 2098 ‘Apeliotae,

253 2126 476 2184 Verum
506 2123 578 2181 ad
607 2121 784 2180 millia
813 2120 1146 2198 quindecim
1174 2130 1233 2179 et
1260 2121 1557 2179 ducentos

250 2220 574 2280 Oventu'm
600 2219 928 2278 horribilem
960 2228 1129 2294 atque
1156 2217 1551 2295 pestilentem!
1626 2221 1631 2226 “
1712 2231 1745 2278 5

669 2465 1033 2526 CARMEN
1075 2463 1251 2524 XXI.

532 2598 642 2659 Ad
663 2600 1077 2659 Pocillatorem
1103 2598 1380 2658 Puerum.

255 2759 525 2819 Minister
551 2758 749 2832 vetuli,
777 2775 939 2834 puer,
968 2755 1225 2842 Falerni,

258 2856 450 2938 Inger'
479 2855 562 2917 mi
590 2855 808 2917 calices
833 2853 1165 2928 amariores,

654 2953 696 3010 2
723 2952 760 2988 ἡ
