2055 3364
289 269 376 327 25
776 272 1139 325 camme.
1166 278 1374 326 xxvn.

371 417 782 497 Desissemque
808 433 1006 483 truces
1032 427 1256 488 vibrare
1285 430 1523 504 iambos,
1834 450 1875 499 5

372 514 744 577 Electissima
767 522 1002 597 pessimi
1027 530 1217 601 poetae

373 612 604 690 Scripta
627 616 911 693 tardipedi
939 618 1070 679 Deo
1095 622 1360 681 daturam

239 731 244 735 .
372 706 714 787 Infelicibus
740 714 1051 773 ustulanda
1074 717 1286 795 lignis:

370 802 450 863 Et
475 806 604 865 haec
628 809 879 884 pessima
903 830 966 868 se
991 815 1187 888 puella
1213 816 1354 874 vidit

369 899 580 961 Jocose
607 912 667 959 et
692 904 882 979 lepide
909 924 1115 965 vovere
1141 909 1325 968 Divis,
1802 928 1869 977 10

370 996 571 1069 Nunc,
597 1017 634 1055 o
659 999 914 1058 coeruleo
940 1012 1139 1061 creata
1170 1008 1381 1081 ponto!

365 1092 523 1154 Quae
549 1103 814 1153 sanctum
841 1094 1112 1170 Idalium,
1141 1100 1429 1178 Syrosque
1456 1115 1699 1181 apertos,

369 1189 639 1267 Quaeque
666 1192 939 1266 Ancona,
968 1195 1337 1274 Cnidumque
1366 1203 1773 1261 arundinosam

369 1286 550 1361 colisti,
580 1308 824 1366 quaeque
848 1292 1230 1369 Amathunta,
1259 1315 1499 1375 quaeque
1524 1302 1760 1379 GolgoS,

363 1381 632 1461 Quaeque
661 1385 1089 1463 Dyrrhachium
1115 1391 1315 1449 Adriae
1341 1394 1675 1469 tabernam3
1796 1412 1870 1461 15

369 1480 700 1557 Acceptum
728 1482 875 1555 face,
903 1486 1305 1564 redditumque
1332 1499 1547 1566 votum,

370 1577 437 1636 Si
464 1596 582 1635 non
610 1578 928 1654 illepidum,
957 1600 1146 1656 neque
1172 1583 1541 1647 invenustum
1567 1600 1672 1649 est.

368 1674 454 1734 At
479 1693 580 1733 vos
606 1673 828 1734 interea
855 1676 1047 1736 venite
1074 1676 1135 1736 in
1164 1678 1381 1756 ignem,

368 1769 537 1830 Pleni
563 1771 712 1830 ruris
739 1781 797 1830 et
825 1773 1233 1849 inficetiarum,

368 1867 632 1928 Annales
658 1869 882 1931 Volusi.
1797 1895 1870 1950 20

747 2125 1111 2188 CARMEN
1152 2131 1421 2192 XXVII.

806 2290 916 2349 Ad
943 2291 1330 2372 Cornificium.

368 2439 529 2500 Male
555 2451 663 2515 est,
691 2441 988 2516 Cornifici,
1017 2453 1117 2502 tuo
1145 2444 1407 2504 Catullo:
1615 2479 1633 2490 ι·
2028 2435 2032 2576 i

370 2537 529 2596 Male
555 2549 662 2612 est,
691 2539 1043 2612 mehercule,
1071 2550 1130 2598 et
1156 2541 1459 2616 laboriose,

369 2633 448 2691 Et
474 2633 659 2711 magis
686 2635 870 2713 magis
898 2635 960 2694 in
987 2635 1113 2694 dies
1138 2647 1199 2696 et
1226 2637 1395 2696 horas
1419 2660 1431 2697 :

365 2729 569 2792 Quem
595 2739 678 2803 tu,
705 2733 856 2807 quod
883 2732 1185 2792 minimum
1214 2734 1660 2815 facillimumque
1686 2748 1793 2810 est,

364 2825 510 2890 Qu&
536 2829 752 2891 solatus
778 2849 842 2888 es
873 2830 1262 2892 allocutione?
1817 2851 1851 2900 5
