2055 3364
325 240 419 308 gg-
829 230 1193 283 cATuLLus.
1213 230 1387 281 wa.

329 390 416 450 Ut
439 399 497 447 te
525 396 819 465 postremo
839 386 1119 444 donarem
1148 404 1389 447 munere
1414 385 1636 459 mortis,

409 486 486 545 Et
514 497 738 543 mutum
765 484 1153 559 nequidquam
1187 484 1503 559 alloquerer
1533 483 1794 543 cinerem
1821 506 1839 556 3

326 583 822 659 Quandoquidem
839 582 1069 639 fortuna
1088 580 1230 637 mihi
1251 591 1365 639 tete
1382 582 1619 640 abstulit
1638 580 1855 658 ipsum,
1896 600 1935 647 5

415 683 572 755 Heu,
604 682 776 739 miser
805 679 1045 756 indigne
1074 680 1247 737 stater
1278 680 1711 739 ademtemihi!

336 772 518 837 Nune
545 788 740 836 tamen
769 776 992 833 interea
1017 773 1211 851 prisco
1236 794 1365 851 quae
1393 795 1550 833 more
1566 774 1899 852 parentum

414 875 664 935 Tradita
691 882 826 931 sunt
851 872 1044 931 tristes
1072 890 1316 931 munera
1344 873 1416 931 ad
1446 872 1702 944 inseriae,

336 973 584 1048 Accipe,
614 973 866 1029 fraterno
894 968 1141 1026 multum
1169 970 1471 1028 manantia
1497 970 1637 1029 fletu
1662 990 1675 1029 :

416 1069 608 1145 Atque
637 1068 698 1127 in
725 1055 1089 1145 perpetuum,
1113 1066 1307 1137 frater,
1332 1084 1456 1139 ave,
1482 1078 1653 1143 atque
1673 1068 1819 1127 vale.
1856 1082 1933 1132 10

804 1302 1168 1366 GARMEN
1217 1252 1449 1363 LXIII.

883 1464 994 1523 Ad
1030 1464 1371 1543 Cornelium.

339 1627 406 1688 si
433 1624 744 1702 quidquam
771 1622 952 1681 taeito
972 1622 1346 1681 commissum
1366 1631 1457 1681 est
1476 1622 1593 1682 fido
1616 1623 1687 1681 ab
1708 1623 1929 1700 amieo,

415 1724 650 1801 Quojus
677 1722 752 1780 sit
777 1721 1011 1799 penitus
1040 1732 1178 1781 nota
1207 1721 1350 1780 fides
1381 1721 1560 1780 animi
1583 1742 1599 1793 3

336 1821 438 1881 Me
467 1840 650 1880 unum
677 1839 805 1878 esse
835 1818 1100 1878 invenies
1128 1819 1355 1878 illorum
1377 1819 1507 1897 jure
1536 1828 1851 1890 sacratum,

415 1919 672 1992 Corneli,
701 1928 760 1978 et
787 1919 1008 1978 factum
1037 1938 1133 1977 me
1158 1937 1288 1978 esse
1313 1927 1457 1996 puta
1477 1918 1928 1995 Harpocratem.

817 2155 1182 2215 CARMEN
1224 2155 1447 2216 LX'IV.

920 2308 1031 2366 Ad
1054 2309 1344 2367 Lesbiam.

343 2459 407 2518 Si
454 2459 765 2537 quidquam
810 2457 1137 2535 cupidoque
1178 2457 1515 2537 optantique
1561 2456 1769 2536 obtigit
1817 2479 1929 2520 un-

505 2573 700 2631 quam,
727 2563 788 2612 et

422 2648 771 2726 Insperanti,
803 2652 914 2712 hoe
941 2661 1031 2711 est
1056 2661 1285 2730 gratum
1315 2651 1509 2710 animo
1535 2652 1763 2731 proprie
1789 2672 1802 2710 :

342 2746 548 2811 Quare
579 2747 691 2805 hoe
717 2758 807 2805 est
833 2761 1081 2827 gratum,
1112 2751 1278 2810 nobis
1303 2769 1529 2827 quoque
1554 2748 1746 2810 carius
1765 2771 1928 2825 auro,

418 2843 602 2907 Quod
629 2853 688 2901 te
718 2845 992 2919 restituis,
1021 2832 1257 2921 Lesbia,
1285 2845 1367 2906 mi
1394 2847 1625 2927 cupido.
