2055 3364
285 279 368 337 28
789 272 1151 319 CA'I'ULLUS.
1178 272 1371 320 xxlx.

756 488 1120 551 CARMEN
1159 490 1396 553 XXIX.

639 694 654 707 .
757 650 866 709 Ad
887 650 1159 711 Fundam
1192 670 1368 710 suum.

289 810 352 869 0
375 810 552 869 funde
579 818 792 882 noster,
822 829 925 869 seu
955 811 1193 884 Sabine,
1223 830 1328 871 seu
1358 809 1598 884 Tiburs,

290 908 445 967 Nam
474 917 531 965 te
558 926 685 964 esse
715 906 1022 963 Tiburtem
1053 900 1373 980 autumant,
1403 908 1610 985 quibus
1638 926 1756 967 uon
1776 918 1869 967 est

289 1004 468 1064 Cordi
497 1002 792 1065 Catullum
821 1003 1029 1061 laedere
1051 1023 1067 1074 3
1120 1013 1197 1075 at,
1226 1004 1435 1080 quibus
1462 1006 1623 1063 cordi
1650 1015 1757 1079 est,

286 1102 516 1166 Quavis
546 1100 828 1161 Sabinum
854 1099 1096 1177 pignore
1124 1102 1657 1176 esseNeontendunt.

292 1199 431 1270 Sed,
461 1217 564 1258 seu
595 1198 832 1269 Sabine,
863 1196 982 1257 sive
1011 1197 1201 1255 verius
1222 1197 1461 1271 Tiburs,
1832 1215 1867 1261 5

290 1295 403 1354 Fui
430 1295 676 1353 libenter
706 1294 766 1353 in
793 1294 896 1355 tus
925 1295 1260 1355 suburbanfi

290 1392 465 1464 Villa,
497 1378 820 1468 malamq'ue
848 1401 1085 1469 pectore
1112 1392 1305 1469 expuli
1332 1391 1572 1464 tussim;

289 1488 427 1548 Non
457 1488 782 1555 immerenti
809 1508 982 1565 quam
1012 1490 1155 1549 mihi
1184 1507 1351 1550 meus
1376 1500 1596 1562 venter,

289 1585 446 1643 Dum
475 1593 800 1642 sumtuosas
827 1595 1053 1659 appeto,
1083 1586 1261 1655 dedit,
1290 1596 1507 1643 eoenus.

288 1681 467 1753 Nam,
495 1678 808 1739 Sextianus
833 1680 972 1738 dum
999 1675 1128 1738 velo
1152 1699 1280 1738 esse
1308 1680 1569 1754 conviva,
1803 1698 1871 1747 10

289 1779 628 1838 Orationem
659 1777 718 1835 in
749 1776 992 1836 Antium
1021 1776 1343 1854 petitorem,

288 1876 531 1935 Plenam
558 1873 768 1932 veneni
795 1883 854 1932 et
878 1873 1239 1950 pestilentiae,
1266 1874 1423 1952 legit.

213 1967 220 1972 ’
289 1973 412 2032 Hie
440 1990 533 2029 me
561 1971 810 2048 gravedo
837 1970 1065 2048 frigida,
1092 1981 1152 2030 et
1177 1971 1445 2050 frequens
1471 1972 1647 2032 tussis

288 2069 627 2140 Quassavit,
657 2067 974 2144 usquedum
1005 2069 1066 2127 in
1095 2080 1257 2128 tuum
1280 2071 1470 2130 sinum
1501 2070 1642 2149 fugi,

294 2167 373 2226 Et
400 2185 493 2223 me
521 2163 784 2223 recuravi
809 2163 1039 2239 otioque
1066 2175 1125 2240 et
1153 2166 1358 2224 urtica.
1804 2182 1871 2230 15

289 2265 494 2327 Quare
523 2261 774 2319 refectus
801 2259 1082 2318 maximas
1108 2261 1212 2319 tibi
1238 2241 1447 2338 grates·

293 2361 448 2438 Age,
477 2378 668 2417 meum
697 2358 846 2435 quod
876 2377 991 2417 non
1021 2378 1085 2416 es
1114 2359 1234 2417 ulta
1259 2371 1583 2436 peecatum.

293 2458 426 2517 Nee
453 2458 731 2534 deprecor
755 2456 896 2532 jam,
927 2457 975 2514 si
1004 2455 1229 2515 nefaria
1254 2458 1469 2536 scripta

294 2554 458 2614 Sexti
486 2573 744 2630 reeepso‚
773 2553 910 2630 quin
940 2555 1311 2631 gravedinem
1338 2566 1399 2614 et
1424 2555 1647 2628 tussim,

295 2651 431 2710 Non
460 2649 561 2722 mi,
591 2650 692 2708 sed
721 2651 829 2727 ipsi
857 2651 1077 2724 Sexti0,
1106 2651 1253 2710 ferat
1278 2653 1477 2730 friguS,
1804 2667 1873 2718 20

293 2748 422 2810 Qui
447 2758 591 2807 tune
618 2757 784 2806 vocat
812 2767 926 2822 me,
955 2767 1092 2808 eum
1120 2751 1337 2808 malum
1362 2748 1505 2827 legit
1530 2747 1761 2808 librum.
