2055 3364
639 258 997 305 GATULLUS.
1029 260 1201 305 xmv.
1636 248 1711 327 7'1

131 407 288 469 Quis
313 424 430 485 ego
452 426 558 484 pro
585 408 753 467 factis
779 410 1000 468 eoelesti
1023 409 1251 468 reddita
1276 411 1453 487 eoetfi,

207 504 468 563 Pristina
495 516 627 563 vota
651 525 798 565 novo
824 526 1065 566 munere
1094 507 1361 567 dissoliio.

42 586 44 609 ³
134 600 346 674 Invita,
375 620 412 659 o
437 601 660 678 regina,
690 612 790 660 tuo
814 604 886 661 de
915 603 1129 660 vertice
1160 604 1329 677 cessi,

212 698 444 757 Invita:
490 699 689 776 adjuro
713 709 884 776 teque
913 710 1189 775 tuumque
1217 711 1431 778 caput3
1641 719 1705 768 40

40 824 42 833 ·
135 794 332 873 Digna
360 795 523 867 serat,
552 796 705 870 quod
734 795 910 871 siquis
937 795 1188 854 inaniter
1214 796 1507 873 adjurarit.

211 893 333 953 Sed
359 893 460 968 qui
487 912 550 951 se
578 893 726 952 ferro
752 894 1001 969 postulet
1025 914 1154 952 esse
1180 896 1425 972 parem?

38 1060 40 1071 Ι
134 989 238 1049 Ille
282 1008 510 1065 quoque
557 1006 790 1047 eversus
829 1008 996 1049 mons
1038 1000 1145 1064 est,
1174 1008 1347 1067 quem
1386 991 1701 1053 maximum

289 1085 352 1143 in
379 1085 495 1143 oris

207 1182 526 1260 Progenies
553 1182 726 1240 Thiae
755 1182 913 1241 clara
937 1185 1356 1260 supervehitur,

38 1278 40 1289 ἶ
133 1282 282 1341 Cum
305 1280 471 1339 Medi
491 1278 768 1357 peperere
797 1300 1008 1339 novum
1031 1300 1209 1355 mare,
1232 1300 1479 1359 eumque
1500 1283 1703 1362 juven-

287 1388 382 1436 tus
1634 1396 1701 1445 45

205 1475 319 1534 Per
345 1473 603 1533 medium
629 1472 804 1531 classi
829 1473 1074 1531 barbara
1100 1472 1261 1531 navit
1287 1476 1502 1534 Athon.

129 1573 292 1637 Quid
321 1571 540 1631 facient
565 1569 777 1643 erineS‚
805 1586 940 1627 eum
969 1570 1121 1630 ferro
1147 1570 1287 1630 talia
1310 1572 1566 1633 cedant!

205 1670 433 1748 Jupiter
457 1671 470 1728 l
515 1679 579 1728 ut
605 1667 911 1746 Chalybon
939 1689 1111 1728 omne
1136 1690 1323 1747 genus
1348 1682 1577 1750 pereat3

131 1769 205 1827 Et
229 1767 330 1846 qui
358 1767 644 1844 principio
671 1767 779 1824 sub
806 1768 960 1825 terra
986 1785 1241 1842 quaerere
1268 1787 1447 1828 venas
1526 1793 1543 1824 t

207 1865 446 1938 Institit,
477 1883 548 1924 ae
575 1865 710 1923 ferri
735 1865 954 1940 fingere
983 1863 1284 1922 duritiem!
1632 1881 1701 1932 50

133 1966 444 2042 Abjunctae
472 1963 643 2039 paulo
672 1973 805 2020 ante
833 1980 1012 2019 comae
1042 1979 1171 2018 mea
1198 1961 1315 2020 fata
1340 1980 1563 2022 sorores

206 2061 536 2138 Lugebant‚
563 2079 700 2119 cum
725 2077 790 2116 se
817 2057 1149 2116 Memnonis
1177 2057 1467 2136 AEthiopis

131 2161 419 2239 Unigeno„
449 2159 749 2236 impellens
777 2158 1113 2216 nutantibus
1141 2161 1277 2216 aera
1303 2157 1531 2235 pennis,

205 2256 435 2316 Obtulit
463 2255 746 2313 Arsinoes
773 2254 1079 2312 Chloridos
1107 2255 1224 2312 ales
1251 2273 1469 2331 equus;

131 2355 302 2430 Isque
328 2371 432 2429 per
461 2349 723 2410 aetherias
749 2369 843 2408 me
869 2350 1077 2408 tollens
1104 2351 1330 2409 advolat
1357 2367 1543 2426 aurae,
1630 2366 1697 2416 55

207 2451 288 2510 Et
313 2449 560 2509 Veneris
589 2457 747 2506 casto
772 2449 1016 2507 collocat
1043 2447 1101 2505 in
1130 2448 1366 2526 gremio.

131 2549 266 2626 Ipsa
292 2563 462 2606 suum
492 2544 824 2623 Zephyritis
851 2561 922 2603 eo
949 2545 1227 2602 famulum
1253 2544 1491 2622 legarat,

209 2647 392 2706 Grata
419 2643 726 2722 Canopaeis
752 2642 944 2702 incola
969 2642 1247 2700 litoribus,

131 2743 374 2804 Scilicet
399 2742 461 2801 in
489 2742 646 2802 vario
671 2757 747 2799 ne
775 2739 956 2799 solum
983 2737 1167 2796 limite
1192 2740 1323 2799 ooeli

207 2840 300 2900 Ex
326 2839 638 2900 Ariadneis
663 2853 840 2898 aurea
863 2834 1216 2914 temporibus
1626 2846 1693 2901 eo
