2055 3364
17 842 28 1215 Ῑ

15 1272 30 1712 ‚³

15 1827 22 2076 l

16 2101 20 2306 J

16 2393 21 2596 Ῐ

16 2673 21 2804 Ι

717 260 1076 309 οΑΤυιωε.
1106 259 1219 307 xn.
1676 262 1752 319 15

167 324 682 490 ffifieuli
712 412 924 471 asculis
950 410 1177 485 stantiS,
1206 408 1541 471 irredivivus

167 509 272 567 Ne
301 508 546 587 supinus
571 518 686 583 eat,
715 510 970 587 cavaque
998 509 1059 567 in
1086 508 1295 585 palude
1317 507 1653 579 recumbat3

171 606 281 663 Sic
307 605 418 663 tibi
445 606 631 665 bonus
656 623 730 663 ex
757 606 858 664 tufi
882 624 1029 682 pons
1054 602 1295 663 libidine
1332 603 1451 679 fiat,
1718 619 1751 669 5

170 701 249 759 In
277 722 394 778 quo
422 703 510 761 vel
541 701 912 761 Salisubsulis
939 718 1105 759 sacra
1132 698 1552 776 suscipiantur:

172 799 404 859 Munus
431 801 542 859 hoc
570 800 713 859 mihi
741 797 976 857 maximi
1008 798 1103 869 da,
1132 796 1395 869 Colonia,
1424 797 1589 857 risus·

171 896 518 959 Quemdam
545 896 898 974 municipem
925 914 1119 954 meum
1148 895 1221 953 de
1248 904 1347 953 tuo
1377 895 1499 954 volo
1525 904 1699 972 ponte

165 993 269 1053 Ire
295 980 651 1071 praecipite'm
673 993 731 1052 in
754 994 957 1067 lutum,
979 1012 1082 1071 per
1110 1003 1394 1071 caputque
1420 993 1709 1071 pedesque
1730 1013 1744 1064 3

173 1092 404 1151 Verum
432 1092 606 1150 totius
635 1101 697 1151 ut
721 1091 906 1165 lacfiS,
931 1091 1257 1168 putidaeque
1283 1091 1530 1169 paludiS,
1690 1104 1752 1153 10

175 1189 570 1261 Lividissima,
598 1188 959 1265 maximeque
986 1199 1076 1248 est
1100 1190 1383 1267 profunda
1408 1207 1634 1265 vorago.

175 1284 609 1343 Insulsissimus
635 1294 723 1343 est
749 1286 920 1343 homo
942 1304 957 1355 ;
1000 1304 1115 1343 nec
1142 1285 1289 1361 sapit
1315 1282 1479 1362 puer'i
1507 1284 1686 1343 instar

177 1382 418 1453 Bimuli,
447 1381 691 1441 tremula
717 1382 895 1459 patris
922 1381 1259 1439 dormientis
1287 1381 1346 1438 in
1375 1380 1529 1439 ulna.

175 1478 342 1540 Quoi
370 1498 502 1537 cum
532 1478 607 1535 sit
632 1476 976 1534 viridissimo
1004 1486 1183 1552 nupta
1210 1476 1348 1535 flore
1374 1476 1587 1555 puella,

181 1574 261 1631 Et
287 1575 478 1651 puella
505 1572 778 1631 tenellulo
805 1571 1103 1633 delicatior
1132 1574 1315 1647 haedo,
1690 1586 1751 1635 15

182 1672 556 1730 Asservanda
581 1669 905 1748 nigerrimis
934 1670 1269 1747 diligentius
1297 1670 1422 1730 uvis
1438 1691 1453 1741 3

181 1770 412 1828 Ludere
441 1770 595 1828 hanc
621 1767 778 1841 sinit,
809 1777 870 1826 ut
897 1768 1075 1839 lubet,
1104 1788 1215 1826 nec
1241 1768 1344 1845 pili
1374 1767 1512 1826 facit
1538 1766 1641 1824 uni
1659 1786 1679 1834 ;Δ

182 1865 317 1923 Nec
345 1885 408 1922 se
435 1865 693 1922 sublevat
718 1883 793 1922 ex
819 1862 924 1920 sua
951 1873 1147 1939 parte:
1190 1865 1312 1936 sed,
1344 1863 1499 1922 velut
1524 1862 1691 1921 alnus

185 1961 259 2020 In
287 1961 441 2022 fossa
467 1959 670 2039 Liguri
691 1961 850 2037 jacet
876 1969 1225 2036 suppernata
1252 1960 1462 2032 securi,

184 2059 578 2118 Tantumdem
621 2057 816 2118 omnia
865 2055 1141 2129 sentiens,
1168 2075 1339 2133 quam
1388 2055 1437 2114 si
1480 2056 1639 2116 nulla
1678 2055 1754 2116 sit

341 2174 619 2232 usquam3
1688 2167 1753 2217 2⁰

185 2251 352 2312 Talis
381 2253 486 2310 iste
513 2271 678 2311 meus
705 2262 900 2330 stupor
926 2250 1008 2309 nil
1038 2251 1212 2324 videt,
1241 2249 1385 2308 nihil
1416 2248 1591 2308 audit.
1755 2255 1773 2260 ”

186 2349 320 2427 Ipse
337 2349 434 2424 qui
457 2349 548 2423 sit,
569 2359 757 2408 utrum
775 2347 868 2420 sit,
889 2367 962 2406 an
979 2366 1097 2406 non
1121 2346 1213 2418 sit,
1233 2346 1288 2403 id
1306 2363 1528 2421 quoque
1546 2337 1749 2403 nescit)

183 2445 364 2506 Nunc
392 2465 524 2504 eum
555 2445 684 2505 volo
705 2446 779 2502 de
805 2454 906 2503 tuo
931 2453 1107 2520 ponte
1134 2441 1357 2500 mittere
1386 2458 1651 2516 pronum,

189 2543 254 2601 Si
280 2552 412 2619 pote
439 2542 706 2600 stolidum
734 2551 970 2616 repente
997 2539 1250 2596 excitare
1278 2545 1597 2608 veternum,

187 2639 265 2700 Et
313 2638 582 2716 supinum
633 2637 889 2697 animum
937 2635 997 2692 in
1046 2633 1207 2711 gravi
1252 2632 1647 2710 derelinquere

343 2756 533 2810 coeno,
1686 2745 1750 2796 25

187 2834 460 2895 Fen-eam
487 2843 553 2894 ut
572 2834 787 2894 soleam
815 2828 1010 2892 tenaci
1035 2828 1093 2888 in
1123 2829 1395 2910 voragine
1420 2828 1595 2889 mula.
