2055 3364
40 2203 44 2350 γ

39 2393 46 2598 ι

537 251 552 259 ’
633 292 992 342 cunnus.
1025 294 1233 375 xxxv,
1354 302 1365 314 ·
1636 304 1709 364 31

211 440 298 506 Ut
324 452 679 501 convenerat
704 462 833 503 esse
855 464 872 516 ;
913 445 1193 506 delicatos

219 540 504 598 Scribens
534 540 863 616 versiculos,
891 558 1131 621 uterque
1158 546 1413 606 nostrum

221 636 494 695 Ludebat
521 656 763 697 numero
792 639 962 698 modo
988 641 1121 711 hoc,
1144 642 1315 700 modo
1342 642 1495 717 illoc,
1588 703 1591 708 .
1684 660 1717 709 5

220 732 510 791 Reddens
538 744 743 792 mutua
766 753 868 811 per
889 734 1089 811 jocum
1120 745 1288 813 atque
1315 738 1532 800 vinum.

223 830 420 907 Atque
449 830 611 888 illinc
641 829 776 901 abii,
805 839 904 889 tuo
929 831 1125 908 lepore

221 925 532 998 Incensus,
561 925 776 999 Licini,
805 926 1162 1005 facetiisque,

222 1021 303 1079 Ut
329 1041 442 1080 nec
469 1040 564 1079 me
593 1022 864 1081 miserum
893 1022 1059 1081 cibus
1080 1024 1326 1101 juvaret,

225 1116 361 1177 Nec
389 1136 626 1178 somnus
653 1128 871 1197 tegeret
890 1120 1083 1195 quiete
1111 1123 1361 1195 ocellos3
1656 1141 1719 1191 10

228 1215 347 1273 Sed
374 1224 496 1275 toto
523 1214 834 1274 indomitus
861 1216 1050 1275 furore
1072 1216 1225 1277 lecto

229 1312 530 1385 Versarer,
559 1311 800 1389 cupiens
821 1313 1016 1373 videre
1042 1314 1255 1386 lucem,

225 1408 307 1467 Ut
333 1418 527 1469 tecum
554 1408 835 1485 loquerer,
863 1408 1145 1485 simulque
1172 1418 1237 1468 ut
1262 1428 1468 1471 estem.

228 1505 332 1578 At,
360 1506 590 1565 defessa
617 1504 811 1563 labore
839 1506 1097 1565 membra
1122 1516 1423 1587 postquam

230 1602 621 1661 Semimortua
649 1601 862 1661 lectulo
883 1601 1179 1681 jacebant,
1659 1622 1722 1673 15
1829 1647 1834 1652 .

231 1699 386 1773 Hoc,
409 1700 688 1778 jucunde,
718 1699 824 1758 tibi
849 1704 1061 1778 poem'a
1088 1702 1223 1775 feci,

229 1798 324 1858 Ex
349 1817 466 1875 quo
490 1797 846 1876 perspiceres
871 1817 1067 1857 meum
1090 1799 1361 1860 dolorem.

231 1894 413 1954 Nunc
444 1894 652 1966 audax,
680 1913 843 1968 cave,
871 1894 982 1965 sis3
1024 1913 1341 1973 precesque
1366 1905 1611 1973 nomas,

230 1992 506 2063 Oramus,
535 2008 698 2063 cave,
728 1991 992 2068 despuas,
1021 1991 1225 2063 ocelle,

231 2088 329 2148 Ne
353 2105 556 2167 poenas
583 2086 856 2145 Nemesis
881 2097 1145 2166 reposcat
1182 2107 1217 2146 a
1243 2097 1300 2148 te
1325 2109 1339 2147 :
1656 2106 1721 2159 m

234 2187 342 2247 Est
367 2187 682 2246 vehemens
710 2183 876 2258 Dea3
923 2186 1132 2246 laedere
1161 2188 1314 2248 hanc
1341 2198 1560 2250 caveto.

621 2351 983 2422 QARMEN
1023 2353 1285 2414 XXXV.

727 2468 835 2527 Ad
858 2469 1148 2526 Lesbiam.

237 2583 344 2644 Ille
373 2582 457 2641 mi
483 2601 585 2660 par
612 2600 739 2640 esse
766 2580 896 2638 Deo
923 2581 1171 2653 videtur,

238 2678 348 2738 Ille
379 2678 457 2758 (si
484 2677 572 2736 fas
598 2677 712 2756 est)
743 2693 1012 2750 superare
1039 2673 1239 2750 Divos,

238 2775 386 2851 Qui,
415 2775 624 2834 sedens
652 2773 941 2844 adversus,
971 2771 1286 2832 identidem
1312 2783 1371 2834 te

484 2872 722 2950 Spectat
747 2877 807 2928 et
834 2869 993 2929 audit
