2055 3364
637 264 994 315 exsulamus.
1023 264 1279 315 XXXVII.

241 411 344 472 Te
371 413 738 490 quaesivimus
765 415 826 475 in
853 416 1076 476 minore
1103 416 1346 494 Campo,

244 508 344 567 Te
372 510 434 568 in
463 510 658 583 Circe,
686 522 744 569 te
773 512 832 571 in
860 514 1131 571 omnibus
1158 512 1384 586 libellis,

245 606 346 664 Te
373 607 434 665 in
460 610 674 685 templo
695 611 887 687 superi
909 610 1070 669 Jovis
1098 622 1343 683 sacrato,

244 702 323 761 In
351 704 554 781 Magni
607 706 776 765 simul
807 706 1230 764 ambulatione:

250 799 544 859 Femellas
569 821 792 875 omne5‚
821 802 1029 875 amice,
1056 803 1282 880 prendi,

251 895 426 958 Quas
453 897 607 974 yoltu
635 898 752 958 vidi
778 910 974 959 tamen
1003 919 1241 973 seren03

255 992 386 1050 Has
407 993 532 1072 [vel
560 1004 618 1053 te
646 995 758 1075 sic]
791 996 913 1074 ipse
943 996 1275 1075 flagitabam
1302 1018 1316 1057 ε

255 1087 593 1149 Camerium
615 1092 779 1164 mihi,
805 1094 1071 1170 pessimae
1098 1094 1321 1171 puelloe.

254 1186 549 1249 Quaedam
577 1189 783 1265 inquit,
814 1191 1037 1248 nudum
1064 1191 1255 1250 sinum
1281 1192 1599 1251 reducens:
1645 1246 1651 1253 .

257 1282 356 1341 En
385 1283 484 1343 hic
513 1284 574 1343 in
604 1286 780 1344 roseis
807 1286 947 1345 latet
973 1287 1219 1364 papillis.

261 1382 382 1439 Sed
409 1392 468 1439 te
491 1381 611 1459 jam
641 1383 788 1441 ferre
816 1382 1097 1441 Herculei
1123 1384 1284 1441 labos
1310 1394 1435 1442 est:

260 1476 460 1536 Tanto
484 1488 544 1535 te
573 1478 634 1535 in
661 1478 814 1545 fastu
840 1496 1043 1555 negas,
1072 1478 1276 1537 amice.

259 1573 376 1633 Dic
402 1574 590 1654 uobis,
620 1560 721 1632 ubi
747 1573 826 1633 sis
853 1574 1108 1636 futurus:
1150 1576 1279 1651 ede,
1386 1570 1389 1573 ⁴

261 1670 564 1731 Audacter
593 1672 908 1748 committe,
939 1675 1113 1734 crede
1140 1674 1276 1735 luci.

260 1768 425 1828 Num
453 1780 511 1827 te
531 1770 792 1830 lacteolae
818 1781 1020 1830 tenent
1047 1772 1300 1849 puellae?

261 1865 332 1923 Si
355 1865 613 1944 linguam
647 1867 846 1929 clauso
869 1877 1037 1926 tenes
1064 1868 1125 1924 in
1153 1887 1273 1940 ore,

261 1955 518 2020 Fructus
539 1963 806 2040 projicies
835 1963 1045 2022 amoris
1070 1981 1273 2021 omnes
1296 1983 1310 2023 ι

261 2057 530 2116 Verbosii
555 2059 771 2134 gaudet
799 2047 1002 2116 Venus
1027 2057 1270 2134 loquela.

263 2155 400 2226 Vel,
430 2154 480 2212 si
506 2155 612 2227 vie,
639 2155 778 2214 licet
803 2156 1035 2215 obseres
1061 2157 1337 2234 palatum,

266 2251 426 2310 Dum
457 2251 630 2309 vostri
657 2253 763 2310 sim
793 2254 1083 2330 particeps
1113 2255 1339 2314 amoris,

265 2348 427 2421 Non,
457 2359 648 2406 custos
677 2350 726 2408 si
753 2349 937 2428 fingar
975 2351 1071 2409 ille
1102 2351 1363 2424 Cretum,

267 2443 409 2504 Non
439 2443 489 2502 si
517 2443 777 2522 Pegaseo
803 2446 952 2505 ferar
979 2446 1191 2519 volatu,

269 2539 410 2599 Non
441 2537 634 2598 Ladas
661 2539 711 2597 si
739 2558 868 2618 ege),
890 2541 1244 2618 pennipesve
1271 2540 1536 2618 Perseus,

271 2635 411 2696 Non
439 2634 630 2694 Rhesi
655 2636 842 2694 niveoe
868 2636 1112 2712 citaeque
1140 2637 1327 2713 bigae3

275 2733 450 2792 Adde
479 2733 598 2792 huc
622 2717 982 2812 plumipedes
1008 2732 1397 2812 volatilesque‚

278 2831 716 2909 Ventorumque
742 2830 913 2892 simul
940 2830 1167 2909 require
1194 2851 1448 2906 cursum,

597 2946 702 3006 30

1686 1109 1748 1158 10

1692 1595 1753 1645 15
