2055 3364
629 252 982 305 cA'rULLth.
1013 258 1162 305 va.
1608 266 1690 325 73

198 410 344 484 Sed,
370 426 500 485 quae
525 426 588 465 se
617 407 842 484 impuro
867 408 1029 467 dedit
1054 408 1353 484 adulterio,

123 507 302 593 IlliuS,
336 506 410 565 ah
435 506 448 563 !
488 507 644 599 mala
669 507 822 563 dona
848 506 988 564 levis
1015 507 1176 565 bibat
1201 508 1359 567 irrita
1384 510 1601 587 pulvis:
1629 526 1692 576 85

195 604 470 680 Namque
495 622 607 681 ego
631 603 706 661 ab
733 602 988 681 indignis
1013 606 1249 681 praemia
1274 607 1433 666 nulla
1460 618 1611 685 peto.

123 702 224 761 Sic
250 700 458 779 magis,
486 720 524 759 o
547 710 764 777 nuptae,
790 719 1016 777 semper
1045 702 1357 762 concordia
1382 715 1617 780 vestras,

198 800 444 877 Semper
471 816 630 857 amor
652 798 824 857 sedes
851 797 1071 857 incolat
1098 798 1378 859 assiduus.
1496 795 1517 801 ’

123 898 218 958 Tu
245 916 402 969 vero,
429 895 651 973 regina,
679 906 848 955 tuens
877 914 1011 955 eum
1040 895 1250 971 sidera,
1278 897 1488 959 Divam

196 994 467 1054 Plaeabis
489 992 654 1054 festis
680 992 996 1053 luminibus
1024 992 1313 1053 Venerem
1626 1010 1691 1060 90

124 1092 438 1171 Sanguinis
464 1101 778 1169 expertem,
807 1110 925 1151 non
953 1090 1101 1150 votis
1128 1112 1254 1151 esse
1281 1103 1443 1151 tuam
1469 1110 1583 1165 me,

195 1190 314 1248 Sed
342 1187 533 1266 potius
561 1186 736 1265 largis
763 1188 928 1247 effice
955 1187 1312 1246 muneribus.

123 1286 327 1346 Sidera
348 1303 457 1343 eur
485 1284 781 1343 retinent‘l
824 1283 1047 1343 utinam
1076 1303 1244 1343 coma
1268 1284 1431 1361 regia
1455 1284 1624 1343 fiam:

195 1383 500 1446 Proximus
527 1381 907 1457 Hydroohaei
934 1383 1187 1456 fulguret
1210 1380 1450 1440 Oarion.

42 565 45 619 Ι

37 1613 42 1718 l
603 1652 968 1716 CARMEN
1009 1654 1222 1716 XLV.-

687 1815 795 1874 Ad
815 1814 1121 1873 Manlium.

38 1975 41 1994 ⁸
119 1977 292 2042 Quod
323 1974 489 2048 mihi,
517 1973 744 2034 fortuna
773 1989 1025 2048 casuque
1052 1990 1358 2049 oppressus
1386 1969 1613 2044 acerbo,

193 2073 606 2150 Conseriptum
634 2073 746 2130 hoe
772 2067 1043 2146 lacrymis
1069 2067 1249 2126 mittis
1274 2065 1620 2145 epistolium,

119 2173 485 2249 Naufragum
514 2179 578 2228 ut
601 2169 853 2247 ejectum
891 2165 1295 2244 spumantibus
1320 2165 1559 2241 aequoris
1587 2183 1692 2222 un-

279 2269 371 2326 dis

198 2366 533 2436 Sublevem,
558 2373 618 2422 et
646 2380 682 2419 a
706 2360 912 2428 mortis,
931 2360 1132 2418 limine
1157 2357 1455 2416 restituam
1477 2376 1492 2426 3

119 2463 320 2525 Quem
367 2479 554 2537 neque
609 2467 812 2516 saneta
862 2455 1068 2514 Venus
1124 2453 1281 2513 molli
1332 2451 1693 2528 requiescere

282 2574 486 2614 somno
1658 2562 1691 2612 5

202 2654 510 2712 Desertum
541 2652 602 2709 in
630 2652 780 2708 lecto
809 2647 1015 2705 eoelibe
1042 2643 1395 2722 perpetitur3

125 2752 256 2810 Nee
283 2761 541 2809 veterum
567 2746 724 2807 dulei
753 2745 1095 2821 scriptorum
1122 2742 1379 2802 carmine
1408 2743 1593 2802 Musae

201 2848 537 2918 Oblectant,
566 2863 702 2904 eum
730 2860 896 2901 mens
923 2838 1097 2898 anxia
1120 2837 1453 2916 pervigilat:
