2055 3364
232 240 238 245 ’
317 262 400 321 02
487 227 492 231 ’
895 216 1260 349 cupitus,
1288 258 1342 303 L.

395 411 522 469 Aut
545 409 761 482 faeere,
793 410 922 469 haee
949 428 985 467 a
1010 420 1069 467 te
1096 409 1367 483 dictaque
1395 408 1660 485 factaque
1686 418 1825 465 sunt
1848 428 1873 477 3

317 506 539 566 Omnia
563 525 691 583 quae
719 506 960 585 ingrate
986 504 1285 583 perierunt
1313 504 1536 563 eredita
1564 504 1762 563 menti.

396 601 646 665 Quare'
623 622 744 681 Jam
774 614 830 661 te
856 622 964 661 our
994 602 1237 679 amplius
1266 601 1613 660 excrucies?
1680 670 1685 675 ⁸
1837 617 1915 665 10

319 697 490 764 Quin
515 710 575 757 te
609 700 803 759 animo
842 699 1133 771 obfirmas,
1164 709 1335 773 teque
1378 698 1550 755 istinc
1592 714 1773 773 usque
1814 715 1915 756 re-

483 796 672 869 duciS,

403 890 500 963 Et,
529 892 639 951 Dis
668 892 880 963 invitis,
907 892 1129 963 desinis
1157 909 1284 949 esse
1314 891 1533 951 miser?

323 986 577 1047 Difficile
608 998 696 1045 est
722 988 958 1064 longum
987 985 1179 1044 subito
1206 987 1497 1063 deponere
1526 1006 1782 1047 amorem
1807 1010 1822 1047 :

404 1084 660 1145 Difficile
687 1094 812 1156 est:
856 1102 1055 1141 verum
1086 1084 1197 1141 hoo
1224 1083 1499 1160 qufilubet
1528 1086 1764 1144 efficias,

322 1182 458 1241 Una
477 1184 632 1242 salus
655 1184 782 1241 haee
801 1192 920 1239 est·
963 1182 1078 1240 hoo
1100 1191 1187 1239 est
1208 1180 1314 1239 tibi
1333 1180 1809 1258 pervincendum.
1842 1199 1915 1247 15

404 1280 539 1340 Hoc
566 1280 765 1353 facies,
796 1278 915 1338 sive
945 1278 1005 1337 id
1036 1298 1153 1338 non
1180 1289 1335 1356 pote,
1363 1278 1483 1337 sive
1509 1290 1660 1357 pote.

323 1374 383 1434 Ο
409 1374 512 1449 Di,
539 1376 592 1434 si
629 1386 884 1435 vostrum
921 1384 1014 1433 est
1052 1373 1333 1447 misereri,
1362 1386 1461 1434 aut
1500 1376 1761 1451 siquibus
1800 1396 1919 1436 un·

483 1492 656 1551 quam

402 1568 682 1627 Extremfi⁴
703 1568 826 1645 jam
853 1568 980 1653 ipsa
1007 1567 1069 1625 in
1097 1578 1281 1627 morte
1308 1568 1519 1627 tulistis
1542 1588 1745 1647 opem3

325 1665 427 1726 Me
454 1665 729 1724 miserum
758 1663 1075 1741 adspicite3
1119 1674 1196 1736 et,
1228 1663 1276 1722 si
1307 1666 1478 1723 vitam
1507 1667 1724 1743 puriter
1751 1668 1873 1746 egi,

400 1762 622 1842 Eripite
650 1763 806 1820 hanc
833 1771 1057 1838 pestem
1084 1761 1518 1838 perniciemque
1546 1765 1710 1838 mihi,
1840 1783 1915 1831 20

319 1860 478 1924 Quae
507 1858 650 1918 mihi
677 1857 996 1934 subrepens
1025 1857 1191 1931 imOS,
1221 1869 1286 1916 ut
1313 1869 1523 1936 torpor,
1552 1861 1614 1918 in
1644 1873 1822 1936 artae,

403 1957 641 2034 Expulit
667 1976 741 2014 ex
767 1956 926 2016 omni
951 1967 1185 2034 pectore
1214 1957 1457 2016 laetitias,

325 2051 464 2112 Non
487 2053 608 2129 jam
637 2051 778 2110 illud
805 2071 1018 2126 quaero,
1048 2064 1248 2112 contra
1278 2063 1342 2111 ut
1366 2073 1461 2112 me
1490 2055 1694 2134 diligat
1720 2055 1838 2129 illa,

407 2150 550 2222 Aut,
577 2147 730 2224 quod
760 2165 876 2206 nou
904 2149 1055 2224 potis
1084 2158 1191 2222 est,
1220 2168 1347 2208 esse
1374 2151 1591 2227 pudiea
1614 2151 1785 2212 velit:

324 2246 460 2326 Ipse
490 2245 678 2304 valere
702 2254 858 2324 opto,
879 2257 946 2304 et
983 2256 1199 2306 tetrum
1239 2249 1398 2308 huno
1438 2251 1729 2328 deponere
1756 2271 1913 2313 mor-

486 2344 641 2406 bum.
1037 2423 1046 2429 .
1840 2365 1911 2416 25

403 2441 464 2502 Ο
491 2441 593 2517 Di,
620 2441 843 2502 reddite
870 2441 954 2502 mi
975 2443 1091 2504 hoo
1116 2461 1220 2520 pro
1246 2443 1460 2520 pietate
1488 2444 1637 2503 mee.
