2055 3364
853 257 1214 308 CATULLUS.
1243 259 1300 305 V.

363 410 712 471 Rhodumve
738 408 1010 484 nobilem,
1040 408 1399 468 horridamve
1425 408 1764 484 Thraciam,

362 505 729 584 Propontida,
758 514 1050 564 trucemve
1077 503 1382 565 Ponticum
1409 506 1633 578 sinum3

362 603 478 663 Ubi
505 603 631 675 iste,
658 612 785 680 post
812 603 1100 679 phaselus,
1130 613 1299 662 antea
1327 602 1435 662 fuit
1785 619 1849 668 10

364 699 610 760 Comata
632 699 807 759 silva:
837 718 993 773 nam,
1023 700 1259 778 Cytorio
1287 699 1346 760 iu
1369 700 1531 780 jugo,

364 797 662 874 Loquente
689 815 841 874 saepe
870 796 1101 855 sibilum
1129 798 1312 856 edidit
1338 798 1524 856 coma.

364 893 622 953 Amastri
647 892 910 965 Pontica,
938 904 998 950 et
1024 894 1236 971 Cytore
1264 893 1507 967 buxifer,

364 991 507 1050 Tibi
529 991 655 1050 haee
682 990 861 1054 fuisse
887 998 947 1048 et
971 1009 1100 1048 esse
1127 990 1522 1068 cognitissima

365 1088 472 1147 Ait
492 1087 796 1165 phaselus:
826 1086 1031 1145 ultima
1057 1105 1132 1144 ex
1156 1086 1380 1164 origine
1791 1100 1854 1150 15

366 1185 503 1245 Tuo
530 1183 755 1244 stetisse
782 1183 925 1242 dioit
952 1183 1015 1242 in
1043 1183 1371 1258 cacumine,

365 1284 505 1343 Tuo
529 1281 805 1342 imbuisse
831 1281 1115 1362 palmulas
1141 1282 1204 1346 in
1233 1298 1476 1358 aequore,

367 1379 446 1440 Et
471 1379 608 1440 inde
632 1389 717 1440 tot
742 1397 845 1458 per
872 1378 1212 1456 impotentia
1235 1379 1383 1438 freta

368 1477 596 1537 Herum
621 1478 853 1550 tulisse3
895 1477 1060 1550 laeva,
1087 1476 1208 1536 sive
1233 1477 1474 1536 dextera

367 1574 623 1632 voearet
650 1590 809 1645 aura,
837 1572 957 1630 sive
984 1582 1290 1648 utrumque
1317 1571 1544 1649 Jupiter
1793 1584 1859 1635 20

370 1667 558 1731 Simul
586 1655 877 1728 secundus
903 1667 1203 1727 incidisset
1223 1667 1282 1727 in
1310 1667 1521 1745 pedem
1535 1687 1552 1739 3

370 1767 580 1844 Neque
608 1765 726 1825 ulla
750 1776 884 1825 vota
907 1764 1227 1825 litoralibus
1253 1764 1383 1823 Diis

374 1863 503 1923 Sibi
528 1881 655 1922 esse
686 1862 859 1935 faeta,
888 1880 1023 1920 eum
1050 1860 1271 1919 veniret
1298 1882 1333 1919 a
1359 1878 1518 1919 mare

373 1960 703 2039 Novissimo
730 1960 889 2018 hune
913 1959 988 2017 ad
1018 1974 1199 2035 usque
1225 1957 1525 2035 limpidum
1553 1956 1762 2017 laeum.

374 2060 494 2118 Sed
522 2059 647 2117 haeo
666 2056 825 2133 prius
852 2054 1047 2114 suere:
1077 2075 1236 2125 nune
1261 2053 1562 2114 recondita
1796 2068 1862 2119 25

375 2157 564 2217 Senet.
581 2153 793 2231 quiete,
821 2170 996 2227 seque
1025 2139 1256 2210 dedieat
1282 2150 1410 2224 tibi,

374 2250 636 2313 Gemelle
664 2246 891 2323 Castor,
918 2258 978 2308 et
1000 2247 1246 2327 gemelle
1272 2246 1546 2307 Castoris.

840 2466 1202 2527 GARMEN
1243 2468 1318 2527 V.

871 2596 979 2657 Ad
1000 2596 1288 2657 Lesbiam.

380 2729 681 2801 vivamus,
710 2747 841 2787 mea
868 2728 1101 2804 Lesbia,
1133 2740 1300 2807 atque
1329 2747 1624 2803 amemus;

382 2826 784 2902 Rumoresque
815 2844 1018 2887 senum
1044 2828 1390 2889 severiorum
