2055 3364
354 308 434 366 40

812 300 1175 350 CATULLUS.
1212 302 1451 350 XXXIX.

589 452 981 530 Unguentate‚
1007 454 1245 531 glabris,
1272 454 1477 513 marite

592 548 940 608 Abstinere:
992 551 1094 609 sed
1124 550 1365 609 abstine.

591 646 660 705 Io
688 645 923 722 Hymen
953 646 1295 723 Hymenaee,
1324 646 1419 706 io!

748 742 818 800 Io
846 742 1082 819 Hymen
1111 743 1431 821 Hymenaee
1456 744 1469 800 Ξ

591 841 823 899 Scimus
851 842 977 897 haee
1003 842 1131 912 tibi,
1160 861 1287 916 quae
1314 842 1513 914 licent,

591 938 730 996 Sola
757 937 991 1011 cognita
1012 922 1045 993 :x
1076 938 1177 993 sed
1206 938 1411 995 marito

590 1034 712 1092 Ista
739 1052 855 1090 non
887 1032 1090 1089 eadem
1120 1032 1339 1092 licent·

591 1128 660 1188 Io
687 1127 920 1204 Hymen
952 1126 1294 1203 Hymenaee,
1324 1126 1411 1185 io!

751 1224 818 1283 Io
846 1223 1081 1300 Hymen
1112 1224 1464 1301 Hymenaee!

591 1320 814 1398 Nupta,
842 1330 905 1379 tu
933 1340 1181 1397 quoque,
1211 1340 1337 1396 quae
1365 1330 1499 1378 tuus

592 1416 700 1476 Vir
726 1425 902 1493 petet,
933 1432 1075 1474 eave
1102 1436 1178 1475 ne
1207 1434 1423 1492 negee;

595 1512 692 1571 Ne
719 1513 962 1589 petitum
995 1513 1229 1571 aliunde
1256 1523 1367 1571 eat.

592 1606 662 1667 Io
690 1606 924 1681 Hymen
957 1606 1301 1682 Hymenaee,
1330 1608 1423 1665 io!

752 1703 820 1762 Io
847 1702 1083 1779 Hymen
1113 1703 1432 1778 Hymenaee
1458 1704 1471 1760 ἱ

561 1801 686 1886 ιΕῐι
713 1801 1051 1868 ῐὶὺὶάοιηιιε
1078 1810 1142 1860 ut
1166 1811 1371 1879 potens

593 1899 672 1958 Et
698 1899 869 1958 beata
894 1897 1001 1958 viri
1027 1898 1135 1972 tui,

590 1997 745 2060 Quae
774 1985 898 2070 tibi,
929 1997 1075 2070 sine,
1105 1996 1337 2071 serviat,

597 2095 694 2174 (Io
723 2094 956 2170 Hymen
987 2093 1329 2169 Hymenaee,
1361 2095 1448 2153 io!

753 2190 822 2248 Io
850 2189 1085 2265 Hymen
1116 2190 1437 2267 Hymenaee
1462 2193 1508 2270 !)

595 2285 790 2362 Usque
817 2286 955 2352 dum
983 2277 1303 2358 tremulum¹
1321 2305 1557 2346 movens

595 2383 764 2443 Cana
789 2392 1014 2459 tempus
1044 2382 1273 2440 anilitas

599 2479 818 2539 Omnia
851 2479 1121 2537 omnibus
1150 2478 1369 2538 annuit.

595 2577 664 2637 Io
692 2577 926 2654 Hymen
957 2575 1265 2653 Hymenae,
1294 2578 1387 2637 io!
1476 2576 1479 2578 ’

754 2673 824 2733 Io
853 2673 1088 2751 Hymen
1118 2674 1471 2752 Hymenaee!

595 2769 896 2843 Transfer,
924 2771 1119 2830 omine
1148 2791 1284 2831 eum
1312 2774 1481 2846 bono,

596 2866 804 2926 Limen
833 2866 1093 2929 aureolos
1118 2871 1316 2947 pedes,

1834 757 1933 805 145

1835 1237 1935 1287 150

1728 1685 1937 1768 ’155

1834 2207 1933 2256 160
2030 2237 2032 2278 ἱ

1834 2691 2032 2766 165Ι
