2055 3364
319 256 403 316 76
804 249 1161 295 CATUnms.
1197 251 1342 296 xbv.

395 402 583 464 Rivus
609 417 873 460 muscoso
900 399 1120 476 prosilit
1145 419 1179 458 e
1197 400 1386 477 lapide
1411 421 1429 471 ς

316 501 461 573 Qui,
489 518 623 580 oum
649 498 721 555 de
749 495 929 573 prona
955 517 1210 574 praeoeps
1237 508 1324 556 est
1350 497 1494 556 valle
1522 499 1770 571 volutu5‚
1879 523 1885 528 ·

397 600 507 658 Per
533 595 787 655 medium
814 595 979 652 densi
1008 595 1209 654 transit
1236 596 1342 654 iter
1369 596 1586 673 populi,

317 695 508 756 Dulce
530 692 731 753 viatori
758 692 907 750 lasso
934 691 996 750 in
1024 693 1230 752 sudore
1257 693 1540 774 levamen,

396 791 549 850 Cum
576 789 765 868 gravis
792 798 1023 847 exustos
1053 800 1225 847 aestus
1251 789 1470 848 hiulcat
1498 809 1664 868 agros
1689 809 1703 846 :
1821 808 1888 856 60

316 889 411 950 Ao
437 888 615 946 veluti
640 887 805 962 nigro
826 885 1057 961 jactatis
1083 886 1312 944 turbine
1337 887 1528 946 nautis

395 984 613 1043 Lenius
642 981 937 1056 adspirans
966 999 1107 1038 aura
1131 983 1392 1040 secunda
1421 983 1594 1055 venit,

317 1081 353 1139 J
357 1099 451 1138 am
476 1098 649 1157 prece
676 1077 945 1148 Pollueis,
968 1077 1088 1154 jam
1115 1078 1392 1150 CastoriS,
1421 1079 1756 1157 implorata:

396 1176 547 1236 Tale
574 1175 682 1234 fuit
708 1174 873 1234 nobis
900 1173 1157 1234 Manlius
1195 1175 1485 1234 auxilium.

318 1275 380 1334 Is
406 1275 666 1333 clausum
691 1273 807 1330 lato
834 1271 1108 1347 patefecit
1133 1271 1314 1330 limite
1343 1288 1631 1350 campum,
1823 1293 1888 1343 65

398 1371 570 1449 Isque
598 1371 830 1428 domum
858 1367 1046 1438 nobie,
1075 1367 1234 1443 isque
1263 1367 1422 1425 dedit
1447 1369 1764 1446 dominam,

320 1467 419 1526 Ad
444 1485 617 1544 quam
644 1482 981 1524 communes
1008 1481 1408 1521 exerceremus
1436 1481 1676 1538 amores,

396 1563 539 1625 Quo
564 1580 697 1620 mea
720 1579 783 1618 se
810 1559 967 1618 molli
994 1559 1244 1616 eandida
1271 1559 1422 1618 Diva
1447 1563 1594 1636 pede

320 1658 543 1731 Intulit,
570 1667 629 1716 et
654 1657 787 1716 trito
814 1656 1131 1735 fulgentem
1158 1655 1220 1713 in
1247 1655 1446 1716 limine
1470 1659 1726 1737 plantam

399 1754 631 1828 Innixa,
660 1754 864 1832 arguta
890 1753 1146 1812 constitit
1173 1753 1233 1810 in
1261 1752 1455 1813 solea:
1824 1778 1891 1826 70

322 1854 603 1933 Conjugis
628 1863 693 1913 ut
718 1852 1005 1931 quondam
1033 1852 1282 1929 flagrans
1310 1852 1540 1913 advenit
1567 1874 1779 1931 amore,

401 1951 815 2013 Protesilaeam
841 1950 1160 2011 Laodamia
1185 1950 1416 2010 domum
1656 2023 1668 2032 κ

322 2048 625 2127 Inceptam
654 2050 879 2121 frustra,
902 2049 1159 2108 nondum
1180 2056 1316 2107 eum
1341 2049 1624 2127 sanguine
1641 2070 1812 2114 sacro

402 2146 611 2206 Hostia
638 2147 899 2205 eoelestes
924 2146 1292 2223 pacificasset
1317 2148 1501 2206 heros,

324 2242 427 2303 Nil
454 2242 598 2303 mihi
624 2253 743 2301 tam
770 2242 933 2301 valde
960 2243 1204 2319 placeat,
1233 2242 1600 2303 Rhamnusia
1625 2246 1805 2326 virgo,
1827 2264 1893 2317 75

402 2340 583 2404 Quod
611 2350 827 2401 temere
852 2339 1048 2399 invitis
1071 2339 1415 2417 suscipiatur
1440 2342 1612 2401 heris·

326 2436 528 2501 Quam
546 2438 747 2517 jejuna
770 2436 931 2515 pium
956 2437 1242 2497 desideret
1270 2456 1370 2496 ara
1395 2457 1678 2512 eruorem,

406 2534 596 2594 Docta
620 2544 709 2595 est
736 2533 945 2593 amisso
970 2534 1287 2593 Laodamia
1313 2534 1432 2593 viro
1453 2556 1472 2605 3

327 2630 609 2708 Coujugis
636 2642 769 2691 ante
796 2642 1003 2691 eoaeta
1026 2631 1162 2690 novi
1187 2631 1473 2691 dimittere
1499 2633 1732 2706 collum,

403 2727 605 2792 Quam
676 2728 913 2787 veniens
994 2746 1109 2787 uua
1189 2739 1357 2807 atque
1437 2728 1619 2790 altera*
1696 2752 1892 2792 rursus

485 2823 675 2881 hiems
1824 2846 1890 2895 80
