<?xml version="1.0" encoding="UTF-8"?>
<!DOCTYPE html PUBLIC "-//W3C//DTD XHTML 1.0 Transitional//EN"
    "http://www.w3.org/TR/xhtml1/DTD/xhtml1-transitional.dtd">
<html xmlns="http://www.w3.org/1999/xhtml" xml:lang="en" lang="en">
 <head>
  <title>
</title>
<meta http-equiv="Content-Type" content="text/html;charset=utf-8" />
  <meta name='ocr-system' content='tesseract 3.04.00' />
  <meta name='ocr-capabilities' content='ocr_page ocr_carea ocr_par ocr_line ocrx_word'/>
</head>
<body>
  <div class='ocr_page' id='page_1' title='image "./poemscatullusse01hubbgoog_0091.png"; bbox 0 0 2055 3364; ppageno 0'>
   <div class='ocr_carea' id='block_1_1' title="bbox 629 277 1679 345">
    <p class='ocr_par' dir='ltr' id='par_1_1' title="bbox 629 277 1679 345">
     <span class='ocr_line' id='line_1_1' title="bbox 629 277 1679 345; baseline 0.002 -22"><span class='ocrx_word' id='word_1_1' title='bbox 629 277 985 325; x_wconf 80' lang='lat' dir='ltr'>CATULLUS.</span> <span class='ocrx_word' id='word_1_2' title='bbox 1015 278 1163 327; x_wconf 79' lang='lat' dir='ltr'>XLV.</span> <span class='ocrx_word' id='word_1_3' title='bbox 1600 288 1679 345; x_wconf 83' lang='lat'><strong>75</strong></span> 
     </span>
    </p>
   </div>
   <div class='ocr_carea' id='block_1_2' title="bbox 109 424 1678 2929">
    <p class='ocr_par' dir='ltr' id='par_1_2' title="bbox 109 424 1678 2342">
     <span class='ocr_line' id='line_1_2' title="bbox 183 424 1571 512; baseline 0.009 -29"><span class='ocrx_word' id='word_1_4' title='bbox 183 424 332 485; x_wconf 88' lang='lat' dir='ltr'><strong>Hoc</strong></span> <span class='ocrx_word' id='word_1_5' title='bbox 361 428 446 500; x_wconf 83' lang='lat' dir='ltr'><strong>fit,</strong></span> <span class='ocrx_word' id='word_1_6' title='bbox 474 428 626 504; x_wconf 88' lang='lat' dir='ltr'><strong>quod</strong></span> <span class='ocrx_word' id='word_1_7' title='bbox 653 428 860 489; x_wconf 84' lang='lat' dir='ltr'>Romae</span> <span class='ocrx_word' id='word_1_8' title='bbox 887 430 1165 488; x_wconf 80' lang='lat' dir='ltr'><strong>vivimus:</strong></span> <span class='ocrx_word' id='word_1_9' title='bbox 1208 428 1305 487; x_wconf 87' lang='lat' dir='ltr'><strong>illa</strong></span> <span class='ocrx_word' id='word_1_10' title='bbox 1330 432 1571 512; x_wconf 49' lang='lat' dir='ltr'><strong>domum</strong></span> 
     </span>
     <span class='ocr_line' id='line_1_3' title="bbox 111 519 1407 603; baseline 0.007 -25"><span class='ocrx_word' id='word_1_11' title='bbox 111 519 220 579; x_wconf 89' lang='lat' dir='ltr'><strong>Illa</strong></span> <span class='ocrx_word' id='word_1_12' title='bbox 251 523 404 581; x_wconf 90' lang='lat' dir='ltr'><strong>mihi</strong></span> <span class='ocrx_word' id='word_1_13' title='bbox 435 526 622 597; x_wconf 72' lang='lat' dir='ltr'><strong>sedeS,</strong></span> <span class='ocrx_word' id='word_1_14' title='bbox 651 526 770 585; x_wconf 84' lang='lat' dir='ltr'><strong>illic</strong></span> <span class='ocrx_word' id='word_1_15' title='bbox 797 546 926 585; x_wconf 89' lang='lat' dir='ltr'><strong>mea</strong></span> <span class='ocrx_word' id='word_1_16' title='bbox 953 526 1205 603; x_wconf 80' lang='lat' dir='ltr'><strong>carpitur</strong></span> <span class='ocrx_word' id='word_1_17' title='bbox 1234 537 1407 587; x_wconf 78' lang='lat' dir='ltr'><strong>aetas:</strong></span> 
     </span>
     <span class='ocr_line' id='line_1_4' title="bbox 184 620 1479 701; baseline 0.007 -24"><span class='ocrx_word' id='word_1_18' title='bbox 184 620 484 679; x_wconf 47' lang='lat' dir='ltr'><strong>Huc’una</strong></span> <span class='ocrx_word' id='word_1_19' title='bbox 511 643 586 681; x_wconf 84' lang='lat' dir='ltr'><strong>ex</strong></span> <span class='ocrx_word' id='word_1_20' title='bbox 611 624 804 683; x_wconf 83' lang='lat' dir='ltr'><strong>multis</strong></span> <span class='ocrx_word' id='word_1_21' title='bbox 832 625 1068 701; x_wconf 83' lang='lat' dir='ltr'><strong>capsula</strong></span> <span class='ocrx_word' id='word_1_22' title='bbox 1095 642 1185 681; x_wconf 90' lang='lat' dir='ltr'><strong>me</strong></span> <span class='ocrx_word' id='word_1_23' title='bbox 1212 626 1479 701; x_wconf 85' lang='lat' dir='ltr'><strong>sequitur.</strong></span> 
     </span>
     <span class='ocr_line' id='line_1_5' title="bbox 109 714 1678 793; baseline 0.005 -16"><span class='ocrx_word' id='word_1_24' title='bbox 109 714 290 777; x_wconf 79' lang='lat' dir='ltr'><strong>Quod</strong></span> <span class='ocrx_word' id='word_1_25' title='bbox 321 737 457 775; x_wconf 90' lang='lat' dir='ltr'><strong>cum</strong></span> <span class='ocrx_word' id='word_1_26' title='bbox 488 720 568 777; x_wconf 84' lang='lat' dir='ltr'><strong>ita</strong></span> <span class='ocrx_word' id='word_1_27' title='bbox 594 721 685 793; x_wconf 80' lang='lat' dir='ltr'><strong>sit,</strong></span> <span class='ocrx_word' id='word_1_28' title='bbox 715 722 891 779; x_wconf 90' lang='lat' dir='ltr'><strong>nolim</strong></span> <span class='ocrx_word' id='word_1_29' title='bbox 933 730 1167 792; x_wconf 82' lang='lat' dir='ltr'><strong>statuas,</strong></span> <span class='ocrx_word' id='word_1_30' title='bbox 1197 740 1301 779; x_wconf 87' lang='lat' dir='ltr'><strong>nos</strong></span> <span class='ocrx_word' id='word_1_31' title='bbox 1342 734 1535 782; x_wconf 89' lang='lat' dir='ltr'><strong>mente</strong></span> <span class='ocrx_word' id='word_1_32' title='bbox 1562 744 1678 785; x_wconf 86' lang='lat' dir='ltr'><strong>ma-</strong></span> 
     </span>
     <span class='ocr_line' id='line_1_6' title="bbox 268 815 1677 892; baseline -0.001 -20"><span class='ocrx_word' id='word_1_33' title='bbox 268 815 438 892; x_wconf 54' lang='lat' dir='ltr'><strong>ligna</strong></span> <span class='ocrx_word' id='word_1_34' title='bbox 1614 838 1677 887; x_wconf 86' lang='lat'><strong>35</strong></span> 
     </span>
     <span class='ocr_line' id='line_1_7' title="bbox 186 911 1472 993; baseline 0.005 -23"><span class='ocrx_word' id='word_1_35' title='bbox 186 911 260 970; x_wconf 90' lang='lat' dir='ltr'><strong>Id</strong></span> <span class='ocrx_word' id='word_1_36' title='bbox 292 914 509 986; x_wconf 84' lang='lat' dir='ltr'><strong>facere,</strong></span> <span class='ocrx_word' id='word_1_37' title='bbox 543 923 640 971; x_wconf 89' lang='lat' dir='ltr'><strong>aut</strong></span> <span class='ocrx_word' id='word_1_38' title='bbox 669 914 862 971; x_wconf 82' lang='lat' dir='ltr'><strong>animo</strong></span> <span class='ocrx_word' id='word_1_39' title='bbox 888 931 1004 972; x_wconf 90' lang='lat' dir='ltr'><strong>non</strong></span> <span class='ocrx_word' id='word_1_40' title='bbox 1034 914 1172 972; x_wconf 80' lang='lat' dir='ltr'><strong>satis</strong></span> <span class='ocrx_word' id='word_1_41' title='bbox 1199 914 1472 993; x_wconf 81' lang='lat' dir='ltr'><strong>ingenue,</strong></span> 
     </span>
     <span class='ocr_line' id='line_1_8' title="bbox 111 1008 1603 1089; baseline 0.003 -20"><span class='ocrx_word' id='word_1_42' title='bbox 111 1008 291 1072; x_wconf 83' lang='lat' dir='ltr'><strong>Quod</strong></span> <span class='ocrx_word' id='word_1_43' title='bbox 321 1009 431 1067; x_wconf 84' lang='lat' dir='ltr'><strong>tibi</strong></span> <span class='ocrx_word' id='word_1_44' title='bbox 457 1030 574 1068; x_wconf 90' lang='lat' dir='ltr'><strong>uon</strong></span> <span class='ocrx_word' id='word_1_45' title='bbox 602 1011 894 1087; x_wconf 82' lang='lat' dir='ltr'><strong>utriusque</strong></span> <span class='ocrx_word' id='word_1_46' title='bbox 922 1010 1085 1086; x_wconf 87' lang='lat' dir='ltr'><strong>petiti</strong></span> <span class='ocrx_word' id='word_1_47' title='bbox 1113 1009 1281 1089; x_wconf 87' lang='lat' dir='ltr'><strong>copia</strong></span> <span class='ocrx_word' id='word_1_48' title='bbox 1306 1013 1461 1073; x_wconf 86' lang='lat' dir='ltr'><strong>facta</strong></span> <span class='ocrx_word' id='word_1_49' title='bbox 1484 1024 1603 1073; x_wconf 84' lang='lat' dir='ltr'><strong>est:</strong></span> 
     </span>
     <span class='ocr_line' id='line_1_9' title="bbox 187 1104 1399 1182; baseline 0.002 -19"><span class='ocrx_word' id='word_1_50' title='bbox 187 1105 358 1163; x_wconf 87' lang='lat' dir='ltr'><strong>Ultro</strong></span> <span class='ocrx_word' id='word_1_51' title='bbox 386 1124 496 1182; x_wconf 82' lang='lat' dir='ltr'><strong>ego</strong></span> <span class='ocrx_word' id='word_1_52' title='bbox 524 1105 826 1177; x_wconf 86' lang='lat' dir='ltr'><strong>deferrem,</strong></span> <span class='ocrx_word' id='word_1_53' title='bbox 856 1104 1022 1180; x_wconf 85' lang='lat' dir='ltr'><strong>copia</strong></span> <span class='ocrx_word' id='word_1_54' title='bbox 1050 1106 1212 1182; x_wconf 86' lang='lat' dir='ltr'><strong>siqua</strong></span> <span class='ocrx_word' id='word_1_55' title='bbox 1238 1108 1399 1166; x_wconf 86' lang='lat' dir='ltr'><strong>foret.</strong></span> 
     </span>
     <span class='ocr_line' id='line_1_10' title="bbox 116 1200 1603 1279; baseline 0.003 -20"><span class='ocrx_word' id='word_1_56' title='bbox 116 1201 246 1261; x_wconf 88' lang='lat' dir='ltr'><strong>Non</strong></span> <span class='ocrx_word' id='word_1_57' title='bbox 274 1222 512 1279; x_wconf 84' lang='lat' dir='ltr'>possum</span> <span class='ocrx_word' id='word_1_58' title='bbox 539 1204 803 1273; x_wconf 88' lang='lat' dir='ltr'><strong>reticere,</strong></span> <span class='ocrx_word' id='word_1_59' title='bbox 833 1200 994 1272; x_wconf 85' lang='lat' dir='ltr'><strong>Deae,</strong></span> <span class='ocrx_word' id='word_1_60' title='bbox 1019 1201 1135 1277; x_wconf 71' lang='lat' dir='ltr'><strong>qua</strong></span> <span class='ocrx_word' id='word_1_61' title='bbox 1163 1200 1421 1261; x_wconf 80' lang='lat' dir='ltr'><strong>Manlius</strong></span> <span class='ocrx_word' id='word_1_62' title='bbox 1446 1204 1509 1262; x_wconf 87' lang='lat' dir='ltr'><strong>in</strong></span> <span class='ocrx_word' id='word_1_63' title='bbox 1536 1224 1603 1263; x_wconf 89' lang='lat' dir='ltr'><strong>re</strong></span> 
     </span>
     <span class='ocr_line' id='line_1_11' title="bbox 188 1296 1678 1375; baseline -0.001 -19"><span class='ocrx_word' id='word_1_64' title='bbox 188 1298 437 1371; x_wconf 83' lang='lat' dir='ltr'><strong>Juverit,</strong></span> <span class='ocrx_word' id='word_1_65' title='bbox 468 1309 567 1357; x_wconf 86' lang='lat' dir='ltr'><strong>aut</strong></span> <span class='ocrx_word' id='word_1_66' title='bbox 594 1298 822 1375; x_wconf 82' lang='lat' dir='ltr'><strong>quantis</strong></span> <span class='ocrx_word' id='word_1_67' title='bbox 843 1296 1054 1375; x_wconf 85' lang='lat' dir='ltr'><strong>juverit</strong></span> <span class='ocrx_word' id='word_1_68' title='bbox 1078 1298 1323 1369; x_wconf 81' lang='lat' dir='ltr'><strong>officiis;</strong></span> <span class='ocrx_word' id='word_1_69' title='bbox 1613 1316 1678 1369; x_wconf 74' lang='lat'><strong>40</strong></span> 
     </span>
     <span class='ocr_line' id='line_1_12' title="bbox 117 1394 1342 1474; baseline -0.002 -21"><span class='ocrx_word' id='word_1_70' title='bbox 117 1394 206 1453; x_wconf 91' lang='lat' dir='ltr'><strong>Ne</strong></span> <span class='ocrx_word' id='word_1_71' title='bbox 234 1396 468 1474; x_wconf 84' lang='lat' dir='ltr'>fugiens</span> <span class='ocrx_word' id='word_1_72' title='bbox 495 1396 682 1454; x_wconf 80' lang='lat' dir='ltr'><strong>saeclis</strong></span> <span class='ocrx_word' id='word_1_73' title='bbox 707 1394 1177 1453; x_wconf 77' lang='lat' dir='ltr'><strong>obliviscentibus</strong></span> <span class='ocrx_word' id='word_1_74' title='bbox 1204 1404 1342 1451; x_wconf 72' lang='lat' dir='ltr'><strong>aetan</strong></span> 
     </span>
     <span class='ocr_line' id='line_1_13' title="bbox 191 1482 1437 1566; baseline -0.002 -17"><span class='ocrx_word' id='word_1_75' title='bbox 191 1492 358 1551; x_wconf 85' lang='lat' dir='ltr'><strong>Illius</strong></span> <span class='ocrx_word' id='word_1_76' title='bbox 385 1494 498 1550; x_wconf 85' lang='lat' dir='ltr'><strong>hoc</strong></span> <span class='ocrx_word' id='word_1_77' title='bbox 527 1490 689 1549; x_wconf 64' lang='lat' dir='ltr'><strong>caeca</strong></span> <span class='ocrx_word' id='word_1_78' title='bbox 715 1498 886 1547; x_wconf 86' lang='lat' dir='ltr'><strong>nocte</strong></span> <span class='ocrx_word' id='word_1_79' title='bbox 913 1497 1071 1566; x_wconf 86' lang='lat' dir='ltr'><strong>tegat</strong></span> <span class='ocrx_word' id='word_1_80' title='bbox 1096 1490 1368 1548; x_wconf 80' lang='lat' dir='ltr'><strong>studium.</strong></span> <span class='ocrx_word' id='word_1_81' title='bbox 1430 1482 1437 1487; x_wconf 63' lang='grc'>’</span> 
     </span>
     <span class='ocr_line' id='line_1_14' title="bbox 119 1584 1481 1663; baseline -0.002 -15"><span class='ocrx_word' id='word_1_82' title='bbox 119 1590 228 1649; x_wconf 86' lang='lat' dir='ltr'><strong>Sed</strong></span> <span class='ocrx_word' id='word_1_83' title='bbox 257 1590 451 1647; x_wconf 89' lang='lat' dir='ltr'><strong>dicam</strong></span> <span class='ocrx_word' id='word_1_84' title='bbox 479 1587 657 1647; x_wconf 82' lang='lat' dir='ltr'><strong>vobis,</strong></span> <span class='ocrx_word' id='word_1_85' title='bbox 740 1586 862 1644; x_wconf 84' lang='lat' dir='ltr'><strong>Vos</strong></span> <span class='ocrx_word' id='word_1_86' title='bbox 886 1604 1055 1663; x_wconf 89' lang='lat' dir='ltr'><strong>porro</strong></span> <span class='ocrx_word' id='word_1_87' title='bbox 1081 1584 1257 1645; x_wconf 89' lang='lat' dir='ltr'><strong>dicite</strong></span> <span class='ocrx_word' id='word_1_88' title='bbox 1284 1586 1481 1645; x_wconf 86' lang='lat' dir='ltr'><strong>multis</strong></span> 
     </span>
     <span class='ocr_line' id='line_1_15' title="bbox 192 1684 1621 1761; baseline -0.001 -15"><span class='ocrx_word' id='word_1_89' title='bbox 192 1687 474 1758; x_wconf 79' lang='lat' dir='ltr'><strong>Millibus,</strong></span> <span class='ocrx_word' id='word_1_90' title='bbox 501 1695 562 1744; x_wconf 88' lang='lat' dir='ltr'><strong>et</strong></span> <span class='ocrx_word' id='word_1_91' title='bbox 587 1684 760 1742; x_wconf 82' lang='lat' dir='ltr'><strong>facite</strong></span> <span class='ocrx_word' id='word_1_92' title='bbox 789 1684 914 1742; x_wconf 85' lang='lat' dir='ltr'><strong>haec</strong></span> <span class='ocrx_word' id='word_1_93' title='bbox 941 1684 1144 1742; x_wconf 81' lang='lat' dir='ltr'><strong>charta</strong></span> <span class='ocrx_word' id='word_1_94' title='bbox 1168 1685 1431 1761; x_wconf 86' lang='lat' dir='ltr'><strong>loquatur</strong></span> <span class='ocrx_word' id='word_1_95' title='bbox 1458 1703 1621 1744; x_wconf 76' lang='lat' dir='ltr'><strong>anus.</strong></span> 
     </span>
     <span class='ocr_line' id='line_1_16' title="bbox 483 1779 1675 1844; baseline -0.001 -28"><span class='ocrx_word' id='word_1_96' title='bbox 483 1782 518 1816; x_wconf 64' lang='lat'><strong>¹*</strong></span> <span class='ocrx_word' id='word_1_97' title='bbox 631 1811 634 1814; x_wconf 83' lang='lat'><strong>.</strong></span> <span class='ocrx_word' id='word_1_98' title='bbox 680 1781 715 1815; x_wconf 49' lang='grc' dir='ltr'><strong><em>ᾗ</em></strong></span> <span class='ocrx_word' id='word_1_99' title='bbox 875 1779 910 1813; x_wconf 58' lang='lat'><strong>²*</strong></span> <span class='ocrx_word' id='word_1_100' title='bbox 1072 1779 1107 1813; x_wconf 48' lang='grc' dir='ltr'><strong><em>ᾗ</em></strong></span> <span class='ocrx_word' id='word_1_101' title='bbox 1269 1779 1307 1816; x_wconf 52' lang='grc' dir='ltr'>ὓ</span> <span class='ocrx_word' id='word_1_102' title='bbox 1610 1796 1675 1844; x_wconf 73' lang='lat'><strong>45</strong></span> 
     </span>
     <span class='ocr_line' id='line_1_17' title="bbox 191 1875 1545 1954; baseline -0.004 -15"><span class='ocrx_word' id='word_1_103' title='bbox 191 1880 583 1954; x_wconf 82' lang='lat' dir='ltr'><strong>Notescatque</strong></span> <span class='ocrx_word' id='word_1_104' title='bbox 612 1875 794 1952; x_wconf 85' lang='lat' dir='ltr'><strong>magis</strong></span> <span class='ocrx_word' id='word_1_105' title='bbox 819 1883 1094 1945; x_wconf 70' lang='lat' dir='ltr'><strong>mortuuS,</strong></span> <span class='ocrx_word' id='word_1_106' title='bbox 1124 1885 1291 1950; x_wconf 83' lang='lat' dir='ltr'><strong>atque</strong></span> <span class='ocrx_word' id='word_1_107' title='bbox 1318 1875 1545 1952; x_wconf 80' lang='lat' dir='ltr'><strong>magis;</strong></span> 
     </span>
     <span class='ocr_line' id='line_1_18' title="bbox 119 1971 1445 2046; baseline -0.006 -9"><span class='ocrx_word' id='word_1_108' title='bbox 119 1978 209 2036; x_wconf 91' lang='lat' dir='ltr'><strong>Ne</strong></span> <span class='ocrx_word' id='word_1_109' title='bbox 235 1988 471 2036; x_wconf 88' lang='lat' dir='ltr'><strong>tenuem</strong></span> <span class='ocrx_word' id='word_1_110' title='bbox 498 1985 700 2032; x_wconf 88' lang='lat' dir='ltr'><strong>texens</strong></span> <span class='ocrx_word' id='word_1_111' title='bbox 727 1971 984 2030; x_wconf 81' lang='lat' dir='ltr'><strong>sublimis</strong></span> <span class='ocrx_word' id='word_1_112' title='bbox 1013 1989 1225 2028; x_wconf 82' lang='lat' dir='ltr'><strong>aranea</strong></span> <span class='ocrx_word' id='word_1_113' title='bbox 1250 1972 1445 2046; x_wconf 86' lang='lat' dir='ltr'><strong>telam,</strong></span> 
     </span>
     <span class='ocr_line' id='line_1_19' title="bbox 193 2053 1393 2144; baseline -0.006 -11"><span class='ocrx_word' id='word_1_114' title='bbox 193 2076 438 2133; x_wconf 85' lang='lat' dir='ltr'><strong>Deserto</strong></span> <span class='ocrx_word' id='word_1_115' title='bbox 467 2072 525 2129; x_wconf 87' lang='lat' dir='ltr'><strong>in</strong></span> <span class='ocrx_word' id='word_1_116' title='bbox 556 2067 742 2128; x_wconf 78' lang='lat' dir='ltr'><strong>Manli</strong></span> <span class='ocrx_word' id='word_1_117' title='bbox 771 2068 1004 2126; x_wconf 89' lang='lat' dir='ltr'><strong>nomine</strong></span> <span class='ocrx_word' id='word_1_118' title='bbox 1032 2086 1175 2144; x_wconf 86' lang='lat' dir='ltr'>opus</span> <span class='ocrx_word' id='word_1_119' title='bbox 1202 2053 1393 2126; x_wconf 80' lang='lat' dir='ltr'><strong>faciat.</strong></span> 
     </span>
     <span class='ocr_line' id='line_1_20' title="bbox 119 2165 1678 2246; baseline -0.006 -13"><span class='ocrx_word' id='word_1_120' title='bbox 119 2174 289 2245; x_wconf 87' lang='lat' dir='ltr'><strong>Nam,</strong></span> <span class='ocrx_word' id='word_1_121' title='bbox 317 2171 460 2229; x_wconf 90' lang='lat' dir='ltr'><strong>mihi</strong></span> <span class='ocrx_word' id='word_1_122' title='bbox 487 2187 658 2246; x_wconf 83' lang='lat' dir='ltr'><strong>quam</strong></span> <span class='ocrx_word' id='word_1_123' title='bbox 685 2166 909 2226; x_wconf 77' lang='lat' dir='ltr'><strong>dederit</strong></span> <span class='ocrx_word' id='word_1_124' title='bbox 950 2165 1162 2242; x_wconf 84' lang='lat' dir='ltr'>duplex</span> <span class='ocrx_word' id='word_1_125' title='bbox 1202 2165 1550 2224; x_wconf 81' lang='lat' dir='ltr'><strong>Amathusia</strong></span> <span class='ocrx_word' id='word_1_126' title='bbox 1576 2185 1678 2224; x_wconf 80' lang='lat' dir='ltr'><strong>cu-</strong></span> 
     </span>
     <span class='ocr_line' id='line_1_21' title="bbox 273 2289 414 2342; baseline -0.014 -14"><span class='ocrx_word' id='word_1_127' title='bbox 273 2289 414 2342; x_wconf 81' lang='lat' dir='ltr'><strong>ram,</strong></span> 
     </span>
    </p>

    <p class='ocr_par' dir='ltr' id='par_1_3' title="bbox 122 2358 1675 2636">
     <span class='ocr_line' id='line_1_22' title="bbox 199 2358 1675 2438; baseline -0.009 -13"><span class='ocrx_word' id='word_1_128' title='bbox 199 2367 392 2438; x_wconf 79' lang='lat' dir='ltr'><strong>Scitis,</strong></span> <span class='ocrx_word' id='word_1_129' title='bbox 421 2374 478 2422; x_wconf 88' lang='lat' dir='ltr'><strong>et</strong></span> <span class='ocrx_word' id='word_1_130' title='bbox 508 2362 568 2420; x_wconf 88' lang='lat' dir='ltr'><strong>in</strong></span> <span class='ocrx_word' id='word_1_131' title='bbox 596 2381 708 2438; x_wconf 87' lang='lat' dir='ltr'><strong>quo</strong></span> <span class='ocrx_word' id='word_1_132' title='bbox 732 2379 824 2418; x_wconf 88' lang='lat' dir='ltr'><strong>me</strong></span> <span class='ocrx_word' id='word_1_133' title='bbox 853 2358 1129 2418; x_wconf 82' lang='lat' dir='ltr'><strong>corruerit</strong></span> <span class='ocrx_word' id='word_1_134' title='bbox 1154 2377 1383 2435; x_wconf 79' lang='lat' dir='ltr'><strong>genere.</strong></span> <span class='ocrx_word' id='word_1_135' title='bbox 1611 2370 1675 2420; x_wconf 85' lang='lat'><strong>50</strong></span> 
     </span>
     <span class='ocr_line' id='line_1_23' title="bbox 122 2452 1674 2533; baseline -0.008 -11"><span class='ocrx_word' id='word_1_136' title='bbox 122 2464 266 2522; x_wconf 88' lang='lat' dir='ltr'><strong>Cum</strong></span> <span class='ocrx_word' id='word_1_137' title='bbox 293 2472 516 2520; x_wconf 87' lang='lat' dir='ltr'><strong>tantum</strong></span> <span class='ocrx_word' id='word_1_138' title='bbox 546 2459 824 2528; x_wconf 84' lang='lat' dir='ltr'><strong>arderem,</strong></span> <span class='ocrx_word' id='word_1_139' title='bbox 851 2465 1125 2533; x_wconf 86' lang='lat' dir='ltr'><strong>quantum</strong></span> <span class='ocrx_word' id='word_1_140' title='bbox 1149 2452 1457 2512; x_wconf 81' lang='lat' dir='ltr'><strong>Trinacria</strong></span> <span class='ocrx_word' id='word_1_141' title='bbox 1482 2471 1674 2530; x_wconf 86' lang='lat' dir='ltr'><strong>rupes,</strong></span> 
     </span>
     <span class='ocr_line' id='line_1_24' title="bbox 199 2547 1573 2636; baseline -0.01 -17"><span class='ocrx_word' id='word_1_142' title='bbox 199 2560 566 2636; x_wconf 81' lang='lat' dir='ltr'><strong>Lymphaque</strong></span> <span class='ocrx_word' id='word_1_143' title='bbox 595 2557 654 2614; x_wconf 89' lang='lat' dir='ltr'><strong>in</strong></span> <span class='ocrx_word' id='word_1_144' title='bbox 683 2553 895 2612; x_wconf 84' lang='lat' dir='ltr'><strong>OEtaeis</strong></span> <span class='ocrx_word' id='word_1_145' title='bbox 925 2551 1106 2610; x_wconf 86' lang='lat' dir='ltr'><strong>Malia</strong></span> <span class='ocrx_word' id='word_1_146' title='bbox 1132 2547 1573 2626; x_wconf 80' lang='lat' dir='ltr'><strong>Thermopylis;</strong></span> 
     </span>
    </p>

    <p class='ocr_par' dir='ltr' id='par_1_4' title="bbox 128 2645 1677 2929">
     <span class='ocr_line' id='line_1_25' title="bbox 128 2645 1530 2730; baseline -0.006 -15"><span class='ocrx_word' id='word_1_147' title='bbox 128 2656 328 2715; x_wconf 81' lang='lat' dir='ltr'><strong>Moesta</strong></span> <span class='ocrx_word' id='word_1_148' title='bbox 353 2673 540 2730; x_wconf 90' lang='lat' dir='ltr'><strong>neque</strong></span> <span class='ocrx_word' id='word_1_149' title='bbox 569 2651 798 2710; x_wconf 86' lang='lat' dir='ltr'><strong>assiduo</strong></span> <span class='ocrx_word' id='word_1_150' title='bbox 821 2648 1119 2706; x_wconf 81' lang='lat' dir='ltr'><strong>tabescere</strong></span> <span class='ocrx_word' id='word_1_151' title='bbox 1143 2645 1377 2704; x_wconf 81' lang='lat' dir='ltr'><strong>lumina.</strong></span> <span class='ocrx_word' id='word_1_152' title='bbox 1392 2645 1530 2706; x_wconf 87' lang='lat' dir='ltr'><strong>fletu</strong></span> 
     </span>
     <span class='ocr_line' id='line_1_26' title="bbox 202 2743 1516 2826; baseline -0.006 -14"><span class='ocrx_word' id='word_1_153' title='bbox 202 2755 524 2824; x_wconf 55' lang='lat' dir='ltr'><strong>Casan-ent,</strong></span> <span class='ocrx_word' id='word_1_154' title='bbox 551 2749 810 2826; x_wconf 83' lang='lat' dir='ltr'><strong>tristique</strong></span> <span class='ocrx_word' id='word_1_155' title='bbox 837 2745 1018 2804; x_wconf 83' lang='lat' dir='ltr'><strong>imbre</strong></span> <span class='ocrx_word' id='word_1_156' title='bbox 1048 2743 1279 2802; x_wconf 80' lang='lat' dir='ltr'><strong>madere</strong></span> <span class='ocrx_word' id='word_1_157' title='bbox 1308 2763 1516 2822; x_wconf 74' lang='lat' dir='ltr'><strong>genoe3</strong></span> 
     </span>
     <span class='ocr_line' id='line_1_27' title="bbox 129 2841 1677 2929; baseline -0.012 -13"><span class='ocrx_word' id='word_1_158' title='bbox 129 2850 326 2916; x_wconf 76' lang='lat' dir='ltr'><strong>Qualis</strong></span> <span class='ocrx_word' id='word_1_159' title='bbox 351 2851 410 2909; x_wconf 87' lang='lat' dir='ltr'><strong>in</strong></span> <span class='ocrx_word' id='word_1_160' title='bbox 441 2848 586 2908; x_wconf 69' lang='lat' dir='ltr'><strong>aerii</strong></span> <span class='ocrx_word' id='word_1_161' title='bbox 610 2847 908 2929; x_wconf 81' lang='lat' dir='ltr'><strong>pellucens</strong></span> <span class='ocrx_word' id='word_1_162' title='bbox 933 2841 1149 2906; x_wconf 84' lang='lat' dir='ltr'><strong>vertice</strong></span> <span class='ocrx_word' id='word_1_163' title='bbox 1175 2842 1385 2907; x_wconf 71' lang='lat' dir='ltr'><strong>monti·</strong></span> <span class='ocrx_word' id='word_1_164' title='bbox 1614 2855 1677 2910; x_wconf 75' lang='lat'><strong>55</strong></span> 
     </span>
    </p>
   </div>
  </div>
 </body>
</html>
