<?xml version="1.0" encoding="UTF-8"?>
<!DOCTYPE html PUBLIC "-//W3C//DTD XHTML 1.0 Transitional//EN"
    "http://www.w3.org/TR/xhtml1/DTD/xhtml1-transitional.dtd">
<html xmlns="http://www.w3.org/1999/xhtml" xml:lang="en" lang="en">
 <head>
  <title>
</title>
<meta http-equiv="Content-Type" content="text/html;charset=utf-8" />
  <meta name='ocr-system' content='tesseract 3.04.00' />
  <meta name='ocr-capabilities' content='ocr_page ocr_carea ocr_par ocr_line ocrx_word'/>
</head>
<body>
  <div class='ocr_page' id='page_1' title='image "./poemscatullusse01hubbgoog_0033.png"; bbox 0 0 2055 3364; ppageno 0'>
   <div class='ocr_carea' id='block_1_1' title="bbox 777 260 1765 331">
    <p class='ocr_par' dir='ltr' id='par_1_1' title="bbox 777 260 1765 331">
     <span class='ocr_line' id='line_1_1' title="bbox 777 260 1765 331; baseline 0 -22"><span class='ocrx_word' id='word_1_1' title='bbox 777 260 1137 310; x_wconf 76' lang='lat' dir='ltr'><strong>CATULLUS.</strong></span> <span class='ocrx_word' id='word_1_2' title='bbox 1158 260 1275 312; x_wconf 75' lang='lat' dir='ltr'><strong>XV.</strong></span> <span class='ocrx_word' id='word_1_3' title='bbox 1518 322 1523 326; x_wconf 16' lang='grc' dir='ltr'><em>ἢ</em></span> <span class='ocrx_word' id='word_1_4' title='bbox 1690 273 1765 331; x_wconf 80' lang='lat'><strong>17</strong></span> 
     </span>
    </p>
   </div>
   <div class='ocr_carea' id='block_1_2' title="bbox 182 412 1763 1173">
    <p class='ocr_par' dir='ltr' id='par_1_2' title="bbox 182 412 1763 1173">
     <span class='ocr_line' id='line_1_2' title="bbox 190 412 1426 493; baseline -0.001 -18"><span class='ocrx_word' id='word_1_5' title='bbox 190 415 390 475; x_wconf 81' lang='lat' dir='ltr'><strong>Luteae</strong></span> <span class='ocrx_word' id='word_1_6' title='bbox 415 414 580 474; x_wconf 76' lang='lat' dir='ltr'><strong>violae</strong></span> <span class='ocrx_word' id='word_1_7' title='bbox 608 412 775 489; x_wconf 90' lang='lat' dir='ltr'><strong>mihi,</strong></span> <span class='ocrx_word' id='word_1_8' title='bbox 800 413 1131 491; x_wconf 86' lang='lat' dir='ltr'><strong>luteumque</strong></span> <span class='ocrx_word' id='word_1_9' title='bbox 1158 431 1426 493; x_wconf 80' lang='lat' dir='ltr'><strong>papaver,</strong></span> 
     </span>
     <span class='ocr_line' id='line_1_3' title="bbox 189 510 1702 589; baseline 0.003 -18"><span class='ocrx_word' id='word_1_10' title='bbox 189 512 592 589; x_wconf 74' lang='lat' dir='ltr'><strong>Pallentesque</strong></span> <span class='ocrx_word' id='word_1_11' title='bbox 619 510 956 584; x_wconf 80' lang='lat' dir='ltr'><strong>cucurbitae,</strong></span> <span class='ocrx_word' id='word_1_12' title='bbox 984 520 1045 570; x_wconf 88' lang='lat' dir='ltr'><strong>et</strong></span> <span class='ocrx_word' id='word_1_13' title='bbox 1073 528 1247 570; x_wconf 84' lang='lat' dir='ltr'><strong>suave</strong></span> <span class='ocrx_word' id='word_1_14' title='bbox 1273 511 1491 572; x_wconf 84' lang='lat' dir='ltr'><strong>olentia</strong></span> <span class='ocrx_word' id='word_1_15' title='bbox 1517 514 1702 588; x_wconf 80' lang='lat' dir='ltr'><strong>mala3</strong></span> 
     </span>
     <span class='ocr_line' id='line_1_4' title="bbox 189 608 1567 687; baseline 0 -18"><span class='ocrx_word' id='word_1_16' title='bbox 189 610 315 669; x_wconf 82' lang='lat' dir='ltr'><strong>Uva</strong></span> <span class='ocrx_word' id='word_1_17' title='bbox 340 608 650 687; x_wconf 54' lang='lat' dir='ltr'><strong>pampinea</strong></span> <span class='ocrx_word' id='word_1_18' title='bbox 676 608 890 668; x_wconf 82' lang='lat' dir='ltr'><strong>rubens</strong></span> <span class='ocrx_word' id='word_1_19' title='bbox 917 608 1167 667; x_wconf 78' lang='lat' dir='ltr'><strong>educata</strong></span> <span class='ocrx_word' id='word_1_20' title='bbox 1192 608 1301 666; x_wconf 86' lang='lat' dir='ltr'><strong>sub</strong></span> <span class='ocrx_word' id='word_1_21' title='bbox 1326 610 1567 671; x_wconf 59' lang='lat' dir='ltr'><strong>umbra:</strong></span> 
     </span>
     <span class='ocr_line' id='line_1_5' title="bbox 189 706 1763 788; baseline 0.002 -21"><span class='ocrx_word' id='word_1_22' title='bbox 189 708 490 786; x_wconf 80' lang='lat' dir='ltr'><strong>Sanguine</strong></span> <span class='ocrx_word' id='word_1_23' title='bbox 517 708 671 767; x_wconf 83' lang='lat' dir='ltr'><strong>hanc</strong></span> <span class='ocrx_word' id='word_1_24' title='bbox 697 707 874 765; x_wconf 83' lang='lat' dir='ltr'><strong>etiarn</strong></span> <span class='ocrx_word' id='word_1_25' title='bbox 892 706 1036 765; x_wconf 89' lang='lat' dir='ltr'><strong>mihi</strong></span> <span class='ocrx_word' id='word_1_26' title='bbox 1056 706 1186 783; x_wconf 85' lang='lat' dir='ltr'><strong>(sed</strong></span> <span class='ocrx_word' id='word_1_27' title='bbox 1206 706 1499 788; x_wconf 78' lang='lat' dir='ltr'><strong>tacebitis)</strong></span> <span class='ocrx_word' id='word_1_28' title='bbox 1520 727 1675 771; x_wconf 83' lang='lat' dir='ltr'><strong>aram</strong></span> <span class='ocrx_word' id='word_1_29' title='bbox 1700 726 1763 775; x_wconf 91' lang='lat'><strong>15</strong></span> 
     </span>
     <span class='ocr_line' id='line_1_6' title="bbox 187 802 1619 881; baseline 0.001 -18"><span class='ocrx_word' id='word_1_30' title='bbox 187 804 472 864; x_wconf 84' lang='lat' dir='ltr'><strong>Barbatus</strong></span> <span class='ocrx_word' id='word_1_31' title='bbox 497 804 629 863; x_wconf 85' lang='lat' dir='ltr'><strong>linit</strong></span> <span class='ocrx_word' id='word_1_32' title='bbox 656 804 934 875; x_wconf 88' lang='lat' dir='ltr'><strong>hirculus,</strong></span> <span class='ocrx_word' id='word_1_33' title='bbox 963 802 1341 881; x_wconf 88' lang='lat' dir='ltr'><strong>cornipesque</strong></span> <span class='ocrx_word' id='word_1_34' title='bbox 1368 806 1619 881; x_wconf 82' lang='lat' dir='ltr'><strong>capella3</strong></span> 
     </span>
     <span class='ocr_line' id='line_1_7' title="bbox 184 900 1685 982; baseline 0.001 -22"><span class='ocrx_word' id='word_1_35' title='bbox 184 900 299 961; x_wconf 86' lang='lat' dir='ltr'><strong>Pro</strong></span> <span class='ocrx_word' id='word_1_36' title='bbox 325 900 454 977; x_wconf 77' lang='lat' dir='ltr'><strong>quis</strong></span> <span class='ocrx_word' id='word_1_37' title='bbox 481 902 678 961; x_wconf 85' lang='lat' dir='ltr'><strong>omnia</strong></span> <span class='ocrx_word' id='word_1_38' title='bbox 704 901 1018 961; x_wconf 86' lang='lat' dir='ltr'><strong>honoribus</strong></span> <span class='ocrx_word' id='word_1_39' title='bbox 1048 902 1175 960; x_wconf 84' lang='lat' dir='ltr'><strong>haec</strong></span> <span class='ocrx_word' id='word_1_40' title='bbox 1204 920 1445 961; x_wconf 81' lang='lat' dir='ltr'><strong>necesse</strong></span> <span class='ocrx_word' id='word_1_41' title='bbox 1473 902 1685 982; x_wconf 80' lang='lat' dir='ltr'>Priapo</span> 
     </span>
     <span class='ocr_line' id='line_1_8' title="bbox 184 984 1721 1076; baseline 0.003 -20"><span class='ocrx_word' id='word_1_42' title='bbox 184 984 487 1071; x_wconf 67' lang='lat' dir='ltr'><strong>Praestare,</strong></span> <span class='ocrx_word' id='word_1_43' title='bbox 516 1009 575 1057; x_wconf 93' lang='lat' dir='ltr'><strong>et</strong></span> <span class='ocrx_word' id='word_1_44' title='bbox 602 999 820 1058; x_wconf 87' lang='lat' dir='ltr'><strong>domini</strong></span> <span class='ocrx_word' id='word_1_45' title='bbox 849 998 1158 1071; x_wconf 88' lang='lat' dir='ltr'><strong>hortulum,</strong></span> <span class='ocrx_word' id='word_1_46' title='bbox 1190 999 1528 1076; x_wconf 85' lang='lat' dir='ltr'><strong>vineamque</strong></span> <span class='ocrx_word' id='word_1_47' title='bbox 1555 1001 1721 1061; x_wconf 86' lang='lat' dir='ltr'><strong>tueri.</strong></span> 
     </span>
     <span class='ocr_line' id='line_1_9' title="bbox 182 1095 1653 1173; baseline -0.001 -16"><span class='ocrx_word' id='word_1_48' title='bbox 182 1095 391 1157; x_wconf 79' lang='lat' dir='ltr'><strong>Quare</strong></span> <span class='ocrx_word' id='word_1_49' title='bbox 419 1095 580 1169; x_wconf 87' lang='lat' dir='ltr'><strong>hinc,</strong></span> <span class='ocrx_word' id='word_1_50' title='bbox 608 1115 645 1155; x_wconf 92' lang='lat' dir='ltr'><strong>o</strong></span> <span class='ocrx_word' id='word_1_51' title='bbox 669 1096 854 1173; x_wconf 83' lang='lat' dir='ltr'><strong>pueri,</strong></span> <span class='ocrx_word' id='word_1_52' title='bbox 883 1096 1067 1153; x_wconf 84' lang='lat' dir='ltr'><strong>malas</strong></span> <span class='ocrx_word' id='word_1_53' title='bbox 1096 1095 1377 1154; x_wconf 84' lang='lat' dir='ltr'><strong>abstinete</strong></span> <span class='ocrx_word' id='word_1_54' title='bbox 1406 1097 1653 1173; x_wconf 80' lang='lat' dir='ltr'><strong>rapinas.</strong></span> 
     </span>
    </p>
   </div>
   <div class='ocr_carea' id='block_1_3' title="bbox 184 1192 1853 1271">
    <p class='ocr_par' dir='ltr' id='par_1_3' title="bbox 184 1192 1853 1271">
     <span class='ocr_line' id='line_1_10' title="bbox 184 1192 1853 1271; baseline 0.002 -22"><span class='ocrx_word' id='word_1_55' title='bbox 184 1192 434 1251; x_wconf 79' lang='lat' dir='ltr'><strong>Vicinus</strong></span> <span class='ocrx_word' id='word_1_56' title='bbox 449 1211 626 1269; x_wconf 86' lang='lat' dir='ltr'><strong>prope</strong></span> <span class='ocrx_word' id='word_1_57' title='bbox 648 1192 808 1251; x_wconf 87' lang='lat' dir='ltr'><strong>dives</strong></span> <span class='ocrx_word' id='word_1_58' title='bbox 830 1202 936 1261; x_wconf 86' lang='lat' dir='ltr'><strong>est,</strong></span> <span class='ocrx_word' id='word_1_59' title='bbox 959 1192 1373 1269; x_wconf 86' lang='lat' dir='ltr'><strong>negligensque</strong></span> <span class='ocrx_word' id='word_1_60' title='bbox 1395 1192 1655 1271; x_wconf 86' lang='lat' dir='ltr'><strong>Priapus.</strong></span> <span class='ocrx_word' id='word_1_61' title='bbox 1698 1208 1763 1257; x_wconf 75' lang='lat'><strong>20</strong></span> <span class='ocrx_word' id='word_1_62' title='bbox 1850 1200 1853 1203; x_wconf 54' lang='lat'><strong>⁴</strong></span> 
     </span>
    </p>
   </div>
   <div class='ocr_carea' id='block_1_4' title="bbox 184 1282 1716 1367">
    <p class='ocr_par' dir='ltr' id='par_1_4' title="bbox 184 1282 1716 1367">
     <span class='ocr_line' id='line_1_11' title="bbox 184 1282 1716 1367; baseline 0.002 -21"><span class='ocrx_word' id='word_1_63' title='bbox 184 1286 336 1347; x_wconf 82' lang='lat' dir='ltr'><strong>Inde</strong></span> <span class='ocrx_word' id='word_1_64' title='bbox 364 1288 606 1347; x_wconf 84' lang='lat' dir='ltr'><strong>sumite:</strong></span> <span class='ocrx_word' id='word_1_65' title='bbox 647 1288 856 1348; x_wconf 85' lang='lat' dir='ltr'><strong>semita</strong></span> <span class='ocrx_word' id='word_1_66' title='bbox 881 1290 1009 1347; x_wconf 82' lang='lat' dir='ltr'><strong>haec</strong></span> <span class='ocrx_word' id='word_1_67' title='bbox 1038 1288 1250 1347; x_wconf 87' lang='lat' dir='ltr'><strong>deinde</strong></span> <span class='ocrx_word' id='word_1_68' title='bbox 1277 1307 1377 1347; x_wconf 90' lang='lat' dir='ltr'><strong>vos</strong></span> <span class='ocrx_word' id='word_1_69' title='bbox 1404 1288 1550 1348; x_wconf 87' lang='lat' dir='ltr'><strong>feret</strong></span> <span class='ocrx_word' id='word_1_70' title='bbox 1568 1282 1716 1367; x_wconf 79' lang='lat' dir='ltr'><strong>ipsa.</strong></span> 
     </span>
    </p>
   </div>
   <div class='ocr_carea' id='block_1_5' title="bbox 704 1542 1319 1603">
    <p class='ocr_par' dir='ltr' id='par_1_5' title="bbox 704 1542 1319 1603">
     <span class='ocr_line' id='line_1_12' title="bbox 704 1542 1319 1603; baseline -0.01 0"><span class='ocrx_word' id='word_1_71' title='bbox 704 1542 1067 1603; x_wconf 86' lang='lat' dir='ltr'><strong>CARMEN</strong></span> <span class='ocrx_word' id='word_1_72' title='bbox 1107 1542 1245 1603; x_wconf 89' lang='lat' dir='ltr'><strong>XV.</strong></span> <span class='ocrx_word' id='word_1_73' title='bbox 1312 1590 1319 1597; x_wconf 86' lang='lat'><strong>.</strong></span> 
     </span>
    </p>
   </div>
   <div class='ocr_carea' id='block_1_6' title="bbox 706 1703 1240 1765">
    <p class='ocr_par' dir='ltr' id='par_1_6' title="bbox 706 1703 1240 1765">
     <span class='ocr_line' id='line_1_13' title="bbox 706 1703 1240 1765; baseline 0 -1"><span class='ocrx_word' id='word_1_74' title='bbox 706 1705 1029 1765; x_wconf 79' lang='lat' dir='ltr'><strong>Hortorum</strong></span> <span class='ocrx_word' id='word_1_75' title='bbox 1057 1703 1240 1765; x_wconf 75' lang='lat' dir='ltr'><strong>Deus·</strong></span> 
     </span>
    </p>
   </div>
   <div class='ocr_carea' id='block_1_7' title="bbox 163 1864 1757 2918">
    <p class='ocr_par' dir='ltr' id='par_1_7' title="bbox 265 1864 1432 2042">
     <span class='ocr_line' id='line_1_14' title="bbox 265 1864 1432 1944; baseline -0.004 -18"><span class='ocrx_word' id='word_1_76' title='bbox 265 1866 398 1944; x_wconf 87' lang='lat' dir='ltr'><strong>Ego</strong></span> <span class='ocrx_word' id='word_1_77' title='bbox 425 1867 573 1938; x_wconf 63' lang='lat' dir='ltr'><strong>haec,</strong></span> <span class='ocrx_word' id='word_1_78' title='bbox 601 1884 712 1942; x_wconf 88' lang='lat' dir='ltr'><strong>ego</strong></span> <span class='ocrx_word' id='word_1_79' title='bbox 740 1875 860 1923; x_wconf 82' lang='lat' dir='ltr'><strong>arte</strong></span> <span class='ocrx_word' id='word_1_80' title='bbox 889 1865 1170 1924; x_wconf 79' lang='lat' dir='ltr'><strong>fabricata</strong></span> <span class='ocrx_word' id='word_1_81' title='bbox 1195 1864 1432 1939; x_wconf 66' lang='lat' dir='ltr'><strong>rustica,</strong></span> 
     </span>
     <span class='ocr_line' id='line_1_15' title="bbox 265 1960 1339 2042; baseline -0.004 -20"><span class='ocrx_word' id='word_1_82' title='bbox 265 1963 397 2042; x_wconf 88' lang='lat' dir='ltr'><strong>Ego</strong></span> <span class='ocrx_word' id='word_1_83' title='bbox 427 1963 606 2035; x_wconf 81' lang='lat' dir='ltr'><strong>arida,</strong></span> <span class='ocrx_word' id='word_1_84' title='bbox 634 1981 671 2022; x_wconf 94' lang='lat' dir='ltr'><strong>o</strong></span> <span class='ocrx_word' id='word_1_85' title='bbox 695 1961 896 2034; x_wconf 83' lang='lat' dir='ltr'><strong>viator,</strong></span> <span class='ocrx_word' id='word_1_86' title='bbox 925 1979 1069 2019; x_wconf 90' lang='lat' dir='ltr'><strong>ecce</strong></span> <span class='ocrx_word' id='word_1_87' title='bbox 1096 1960 1339 2037; x_wconf 86' lang='lat' dir='ltr'><strong>populus</strong></span> 
     </span>
    </p>

    <p class='ocr_par' dir='ltr' id='par_1_8' title="bbox 163 2058 1757 2918">
     <span class='ocr_line' id='line_1_16' title="bbox 163 2058 1650 2140; baseline 0 -20"><span class='ocrx_word' id='word_1_88' title='bbox 163 2085 180 2098; x_wconf 78' lang='grc'>·</span> <span class='ocrx_word' id='word_1_89' title='bbox 267 2062 604 2140; x_wconf 85' lang='lat' dir='ltr'><strong>Agellulum</strong></span> <span class='ocrx_word' id='word_1_90' title='bbox 633 2062 812 2135; x_wconf 89' lang='lat' dir='ltr'><strong>hunc,</strong></span> <span class='ocrx_word' id='word_1_91' title='bbox 843 2059 1245 2135; x_wconf 79' lang='lat' dir='ltr'><strong>sinistra‚,tute</strong></span> <span class='ocrx_word' id='word_1_92' title='bbox 1271 2077 1441 2135; x_wconf 88' lang='lat' dir='ltr'><strong>quem</strong></span> <span class='ocrx_word' id='word_1_93' title='bbox 1472 2058 1650 2136; x_wconf 83' lang='lat' dir='ltr'><strong>vides,</strong></span> 
     </span>
     <span class='ocr_line' id='line_1_17' title="bbox 264 2157 1551 2236; baseline -0.002 -18"><span class='ocrx_word' id='word_1_94' title='bbox 264 2159 524 2236; x_wconf 88' lang='lat' dir='ltr'><strong>Herique</strong></span> <span class='ocrx_word' id='word_1_95' title='bbox 551 2158 824 2232; x_wconf 82' lang='lat' dir='ltr'><strong>villulam,</strong></span> <span class='ocrx_word' id='word_1_96' title='bbox 855 2159 1257 2234; x_wconf 84' lang='lat' dir='ltr'><strong>hortulumque</strong></span> <span class='ocrx_word' id='word_1_97' title='bbox 1282 2157 1551 2236; x_wconf 85' lang='lat' dir='ltr'><strong>pauperis</strong></span> 
     </span>
     <span class='ocr_line' id='line_1_18' title="bbox 263 2255 1757 2331; baseline 0.001 -17"><span class='ocrx_word' id='word_1_98' title='bbox 263 2255 448 2328; x_wconf 86' lang='lat' dir='ltr'><strong>Tuor,</strong></span> <span class='ocrx_word' id='word_1_99' title='bbox 479 2256 772 2331; x_wconf 85' lang='lat' dir='ltr'><strong>malasque</strong></span> <span class='ocrx_word' id='word_1_100' title='bbox 799 2256 940 2315; x_wconf 86' lang='lat' dir='ltr'><strong>furis</strong></span> <span class='ocrx_word' id='word_1_101' title='bbox 969 2275 1137 2314; x_wconf 83' lang='lat' dir='ltr'><strong>arceo</strong></span> <span class='ocrx_word' id='word_1_102' title='bbox 1164 2274 1388 2314; x_wconf 79' lang='lat' dir='ltr'><strong>manus.</strong></span> <span class='ocrx_word' id='word_1_103' title='bbox 1724 2267 1757 2316; x_wconf 83' lang='lat'>5</span> 
     </span>
     <span class='ocr_line' id='line_1_19' title="bbox 265 2352 1279 2432; baseline 0 -21"><span class='ocrx_word' id='word_1_104' title='bbox 265 2352 418 2412; x_wconf 89' lang='lat' dir='ltr'><strong>Mihi</strong></span> <span class='ocrx_word' id='word_1_105' title='bbox 445 2354 659 2412; x_wconf 79' lang='lat' dir='ltr'><strong>corolla</strong></span> <span class='ocrx_word' id='word_1_106' title='bbox 683 2354 842 2432; x_wconf 81' lang='lat' dir='ltr'><strong>picta</strong></span> <span class='ocrx_word' id='word_1_107' title='bbox 867 2373 1002 2413; x_wconf 86' lang='lat' dir='ltr'><strong>vere</strong></span> <span class='ocrx_word' id='word_1_108' title='bbox 1027 2353 1279 2431; x_wconf 85' lang='lat' dir='ltr'><strong>ponitur,</strong></span> 
     </span>
     <span class='ocr_line' id='line_1_20' title="bbox 265 2445 1272 2524; baseline 0 -14"><span class='ocrx_word' id='word_1_109' title='bbox 265 2445 418 2510; x_wconf 86' lang='lat' dir='ltr'><strong>Mihi</strong></span> <span class='ocrx_word' id='word_1_110' title='bbox 443 2453 658 2511; x_wconf 87' lang='lat' dir='ltr'><strong>rubens</strong></span> <span class='ocrx_word' id='word_1_111' title='bbox 685 2452 858 2510; x_wconf 83' lang='lat' dir='ltr'><strong>arista</strong></span> <span class='ocrx_word' id='word_1_112' title='bbox 885 2453 1004 2511; x_wconf 83' lang='lat' dir='ltr'><strong>sole</strong></span> <span class='ocrx_word' id='word_1_113' title='bbox 1033 2451 1272 2524; x_wconf 83' lang='lat' dir='ltr'><strong>fervid0‚</strong></span> 
     </span>
     <span class='ocr_line' id='line_1_21' title="bbox 264 2547 1336 2625; baseline 0.001 -19"><span class='ocrx_word' id='word_1_114' title='bbox 264 2547 418 2607; x_wconf 90' lang='lat' dir='ltr'><strong>Mihi</strong></span> <span class='ocrx_word' id='word_1_115' title='bbox 446 2547 664 2612; x_wconf 73' lang='lat' dir='ltr'><strong>virente</strong></span> <span class='ocrx_word' id='word_1_116' title='bbox 691 2547 878 2606; x_wconf 86' lang='lat' dir='ltr'><strong>dulcis</strong></span> <span class='ocrx_word' id='word_1_117' title='bbox 905 2567 1014 2607; x_wconf 85' lang='lat' dir='ltr'><strong>uva</strong></span> <span class='ocrx_word' id='word_1_118' title='bbox 1044 2548 1336 2625; x_wconf 86' lang='lat' dir='ltr'><strong>pampin0‚</strong></span> 
     </span>
     <span class='ocr_line' id='line_1_22' title="bbox 263 2644 1363 2723; baseline 0.001 -20"><span class='ocrx_word' id='word_1_119' title='bbox 263 2644 528 2721; x_wconf 89' lang='lat' dir='ltr'><strong>Mihique</strong></span> <span class='ocrx_word' id='word_1_120' title='bbox 555 2646 762 2723; x_wconf 81' lang='lat' dir='ltr'><strong>glauca</strong></span> <span class='ocrx_word' id='word_1_121' title='bbox 790 2646 934 2705; x_wconf 88' lang='lat' dir='ltr'><strong>duro</strong></span> <span class='ocrx_word' id='word_1_122' title='bbox 958 2645 1111 2705; x_wconf 82' lang='lat' dir='ltr'><strong>oliva</strong></span> <span class='ocrx_word' id='word_1_123' title='bbox 1136 2644 1363 2722; x_wconf 83' lang='lat' dir='ltr'><strong>frigore.</strong></span> 
     </span>
     <span class='ocr_line' id='line_1_23' title="bbox 264 2741 1755 2820; baseline 0.003 -20"><span class='ocrx_word' id='word_1_124' title='bbox 264 2741 418 2802; x_wconf 88' lang='lat' dir='ltr'><strong>Meis</strong></span> <span class='ocrx_word' id='word_1_125' title='bbox 447 2743 669 2820; x_wconf 81' lang='lat' dir='ltr'><strong>capella</strong></span> <span class='ocrx_word' id='word_1_126' title='bbox 694 2742 942 2802; x_wconf 81' lang='lat' dir='ltr'><strong>delicata</strong></span> <span class='ocrx_word' id='word_1_127' title='bbox 968 2741 1202 2819; x_wconf 75' lang='lat' dir='ltr'><strong>pascuis</strong></span> <span class='ocrx_word' id='word_1_128' title='bbox 1692 2757 1755 2806; x_wconf 86' lang='lat'><strong>10</strong></span> 
     </span>
     <span class='ocr_line' id='line_1_24' title="bbox 264 2835 1424 2918; baseline 0.001 -19"><span class='ocrx_word' id='word_1_129' title='bbox 264 2835 338 2900; x_wconf 86' lang='lat' dir='ltr'><strong>In</strong></span> <span class='ocrx_word' id='word_1_130' title='bbox 365 2841 574 2902; x_wconf 65' lang='lat' dir='ltr'><strong>urben</strong></span> <span class='ocrx_word' id='word_1_131' title='bbox 597 2841 794 2900; x_wconf 78' lang='lat' dir='ltr'><strong>adulta</strong></span> <span class='ocrx_word' id='word_1_132' title='bbox 819 2840 972 2902; x_wconf 73' lang='lat' dir='ltr'><strong>lacte</strong></span> <span class='ocrx_word' id='word_1_133' title='bbox 995 2849 1185 2918; x_wconf 77' lang='lat' dir='ltr'><strong>portat</strong></span> <span class='ocrx_word' id='word_1_134' title='bbox 1210 2839 1424 2911; x_wconf 67' lang='grc' dir='ltr'><strong>αδετις</strong></span> 
     </span>
    </p>
   </div>
   <div class='ocr_carea' id='block_1_8' title="bbox 581 2958 624 3017">
    <p class='ocr_par' dir='ltr' id='par_1_9' title="bbox 581 2958 624 3017">
     <span class='ocr_line' id='line_1_25' title="bbox 581 2958 624 3017; baseline 0 0"><span class='ocrx_word' id='word_1_135' title='bbox 581 2958 624 3017; x_wconf 76' lang='lat'><strong>2</strong></span> 
     </span>
    </p>
   </div>
  </div>
 </body>
</html>
