2055 3364
678 295 1037 345 cATULLUS.
1072 295 1225 341 xm.
1656 293 1738 350 55

160 447 421 528 (Quales
438 439 680 506 'Eurotae
706 447 1058 524 progignunt
1085 443 1324 503 flumina
1350 452 1580 518 myrtoe,

160 549 399 606 Aurave
426 546 727 604 distinctos
755 546 952 604 educit
978 562 1156 601 verna
1185 541 1430 620 colores)
1671 554 1734 603 90

161 644 303 702 Non
331 644 488 719 prius
516 663 589 700 ex
618 643 714 699 illo
742 640 1047 716 flagrantia
1075 638 1383 694 declinavit

60 793 67 800 .
163 739 437 810 Lumina,
460 756 637 812 quam
666 747 879 793 cuncto
908 733 1175 809 concepit
1195 742 1424 808 pectore
1447 731 1734 790 flammam

164 834 477 905 Funditu8‚
509 843 675 908 atque
706 830 835 889 imis
863 829 1076 887 exarsit
1102 838 1222 886 tota
1250 826 1530 884 medullis·

162 930 304 988 Heu
329 931 343 986 l
388 929 594 986 misere
622 928 919 1004 exagitans
948 925 1154 983 immiti
1185 926 1358 982 corde
1388 925 1626 996 furoreS,

166 1027 386 1084 Sancte
427 1046 588 1103 puer,
634 1026 787 1084 curis
841 1025 1138 1083 hominum
1194 1022 1292 1098 qui
1344 1022 1560 1099 gaudia
1605 1021 1740 1078 mis-

330 1141 449 1196 σεε,
1673 1131 1737 1179 95

165 1217 437 1292 Quaeque
493 1218 647 1293 regis
698 1217 933 1292 Golgos„
986 1235 1225 1290 quaeque
1283 1214 1534 1272 Idalium
1588 1213 1738 1271 sron-

332 1315 553 1384 dosum,

168 1409 462 1470 Qualibus
493 1410 791 1466 incensam
815 1408 1076 1484 jactastis
1104 1418 1295 1464 mente
1323 1406 1574 1482 puellam

170 1505 496 1577 Fluctibus,
526 1506 587 1561 in
616 1505 761 1562 flavo
789 1525 937 1580 saepe
968 1504 1188 1582 hospite
1216 1505 1630 1581 suspirantem!

168 1601 445 1662 Quantos
469 1600 567 1658 illa
594 1600 723 1657 tulit
747 1602 1047 1678 languenti
1076 1603 1246 1660 corde
1277 1602 1542 1660 timores!

169 1698 476 1762 Quantum
506 1716 657 1774 saepe
685 1698 868 1774 magis
896 1700 1115 1775 fulgore
1143 1700 1417 1775 expalluit
1446 1698 1600 1757 auri!
1647 1714 1740 1764 100

172 1795 347 1866 Cum,
398 1812 609 1853 saevum
652 1794 892 1871 cupiens
935 1806 1138 1853 contra
1185 1796 1535 1854 contendere
1583 1814 1744 1853 mon-

332 1900 533 1962 strum,

172 1988 298 2047 Aut
361 1997 603 2044 mortem
663 1985 943 2062 oppeterit
1006 1985 1296 2055 TheseuS,
1354 1994 1452 2043 aut
1503 1985 1741 2062 praemia

332 2084 538 2143 laudis.

173 2179 311 2238 Non
340 2180 585 2257 ingrata,
614 2190 807 2238 tamen
836 2180 1064 2251 frustra,
1095 2180 1438 2237 munuscula
1465 2179 1630 2238 Divis

173 2277 541 2350 PromittenS,
571 2278 747 2337 tacito
774 2278 1070 2355 suspendit
1096 2288 1224 2335 vota
1252 2277 1475 2335 labello.

174 2358 353 2445 Nam,
414 2374 569 2432 velut
649 2375 709 2431 in
784 2394 1006 2433 summo
1084 2374 1436 2451 quatientem
1504 2373 1742 2432 brachia

343 2470 543 2528 Tauro
1654 2487 1748 2535 105

174 2565 501 2637 Quemnm,
526 2576 625 2627 aut
653 2566 981 2641 conigeram
1013 2565 1242 2623 sudanti
1265 2584 1498 2640 corpore
1525 2566 1746 2643 pinum,

171 2662 499 2721 Indomitus
527 2664 711 2735 turbe,
743 2676 1128 2738 contorquens
1157 2662 1400 2719 flamine‘
1413 2665 1605 2736 robur,

172 2758 345 2817 Eruit
368 2781 385 2831 3
426 2759 525 2817 illa
550 2761 768 2837 procul,
796 2760 1089 2817 radicibus
1115 2761 1430 2833 exturbata,

174 2854 371 2915 Prona
389 2857 566 2930 cadit,
588 2858 813 2934 lateque
834 2868 893 2915 et
914 2858 1236 2917 comminus
1252 2858 1422 2917 obvia
1443 2859 1741 2934 frangens;
