2055 3364
682 269 1042 319 oATULms.
1072 233 1243 322 xm..
1653 283 1732 340 67

162 416 420 493 Currite,
447 419 725 480 ducentes
752 424 1098 498 subtemina,
1125 426 1362 499 currite,
1393 428 1521 486 fusi.

248 514 425 574 Talia
448 520 737 593 profantes
764 519 1073 596 quondam,
1098 521 1291 580 felicia
1317 523 1477 581 Pelei

166 611 447 672 Carmina
472 615 666 675 divino
694 617 1032 676 cecinerunt
1058 619 1250 676 omine
1281 619 1494 679 Parcae.

166 706 488 767 Praesentes
508 731 755 787 namque
779 726 911 770 ante
932 714 1132 771 domos
1155 715 1398 773 invisere
1421 727 1608 775 castas
1639 731 1734 780 385

169 805 415 882 Saepius,
443 819 502 865 et
529 821 655 867 sese
683 807 905 868 mortali
932 809 1234 871 ostendere
1261 813 1437 885 coetfi,

167 902 484 977 Coelicolae,
513 907 767 964 nondum
798 909 989 985 spreta
1014 911 1247 986 pietate,
1275 912 1554 970 solebant.

168 1001 338 1077 Saepe
366 1013 527 1078 pater
554 1004 768 1062 Divum
796 1007 1009 1083 templo
1035 1008 1094 1066 in
1124 1009 1378 1086 fulgente
1407 1009 1682 1081 revisens,

165 1096 388 1156 Annua
414 1119 547 1158 cum
575 1102 733 1160 festis
764 1103 1053 1160 venissent
1080 1123 1246 1160 sacra
1273 1106 1496 1177 diebus,

167 1191 487 1270 Conspexit
512 1197 665 1255 terra
694 1209 925 1256 centum
956 1217 1290 1273 procurrere
1321 1218 1540 1256 currus.
1642 1214 1736 1263 390

168 1291 337 1367 Soepe
367 1311 545 1370 vagus
573 1295 745 1353 Liber
773 1295 1043 1354 Parnassi
1071 1296 1286 1353 vertice
1314 1291 1538 1354 summo

164 1386 447 1463 Thyadas
474 1392 669 1449 effusis
696 1404 937 1476 euantes
966 1392 1223 1449 crinibus
1249 1392 1368 1468 egit
1392 1412 1404 1448 ε

166 1484 319 1542 Cum
351 1485 563 1562 Delphi
592 1489 711 1546 tote
738 1490 998 1547 certatim
1029 1509 1098 1548 ex
1131 1489 1271 1574 urbe
1299 1499 1530 1548 ruentes

165 1581 523 1657 Acciperent
549 1584 664 1642 laeti
693 1585 906 1644 Divum
934 1587 1286 1645 fumantibus
1317 1587 1445 1645 aris.

165 1680 336 1757 Saepe
364 1680 424 1737 in
453 1681 675 1742 letifero
705 1685 836 1743 belli
864 1686 1180 1743 certamine
1209 1686 1458 1757 Mavors,
1638 1698 1732 1748 395

162 1778 289 1836 Aut
314 1778 500 1855 rapidi
528 1780 787 1839 Tritonis
814 1783 972 1853 hera,
1003 1793 1101 1839 aut
1128 1782 1496 1839 Rhamnusia
1523 1781 1701 1858 virgo,

164 1875 441 1933 Armatas
468 1877 763 1935 hominum
792 1888 878 1935 est
902 1896 1157 1953 praesens
1185 1878 1409 1933 hortata
1435 1888 1710 1935 catervas.

164 1965 309 2043 Sed,'
334 1983 631 2049 postquam
660 1975 828 2032 tellus
855 1975 1074 2032 scelere
1101 1983 1189 2031 est
1215 1972 1436 2031 imbuta
1460 1975 1733 2049 nefand0,

158 2068 197 2125 J
202 2067 569 2143 ustitiamque
596 2088 797 2127 omnes
824 2070 1036 2147 cupide
1063 2070 1138 2126 de
1165 2077 1356 2126 mente
1385 2068 1693 2147 fugarunt3

160 2164 481 2223 Perfudere
508 2185 713 2224 manus
740 2167 987 2226 fraterno
1016 2166 1299 2243 sanguine
1329 2167 1566 2239 fratres3
1639 2182 1734 2232 400

160 2260 403 2319 Destitit
430 2262 743 2321 exstinctos
770 2275 939 2324 natus
964 2265 1162 2341 lugere
1190 2274 1458 2340 parentes
1479 2285 1494 2335 ;

161 2356 403 2435 Optavit
429 2358 653 2435 genitor
680 2360 935 2436 primaevi
962 2361 1168 2419 funera
1193 2360 1337 2429 nati,

160 2455 343 2514 Liber
372 2467 435 2513 ut
463 2456 719 2534 innuptae
747 2469 1035 2534 poteretur
1064 2458 1202 2516 flore
1230 2476 1528 2527 novercae3

160 2552 381 2629 Ignaro
408 2564 591 2611 mater
618 2555 989 2614 substernens
1017 2574 1080 2612 se
1109 2554 1284 2629 impia
1313 2563 1467 2626 nato,

158 2650 353 2727 Impia
374 2669 492 2707 non
516 2652 693 2709 verita
716 2662 802 2709 est
830 2652 1008 2710 Divos
1031 2651 1311 2708 scelerare
1337 2662 1606 2727 penates;
1639 2668 1736 2716 405

160 2744 384 2804 Omnia
413 2746 607 2819 sanda,
637 2747 909 2821 nefanda,
936 2747 1090 2805 malo
1115 2746 1395 2825 permixta
1421 2749 1627 2818 furore,

159 2842 197 2901 J
203 2844 491 2903 ustificam
518 2844 685 2905 nobis
714 2855 967 2905 mentem
998 2844 1252 2905 avertere
1281 2844 1550 2904 Deorum.
