<?xml version="1.0" encoding="UTF-8"?>
<!DOCTYPE html PUBLIC "-//W3C//DTD XHTML 1.0 Transitional//EN"
    "http://www.w3.org/TR/xhtml1/DTD/xhtml1-transitional.dtd">
<html xmlns="http://www.w3.org/1999/xhtml" xml:lang="en" lang="en">
 <head>
  <title>
</title>
<meta http-equiv="Content-Type" content="text/html;charset=utf-8" />
  <meta name='ocr-system' content='tesseract 3.04.00' />
  <meta name='ocr-capabilities' content='ocr_page ocr_carea ocr_par ocr_line ocrx_word'/>
</head>
<body>
  <div class='ocr_page' id='page_1' title='image "./poemscatullusse01hubbgoog_0064.png"; bbox 0 0 2055 3364; ppageno 0'>
   <div class='ocr_carea' id='block_1_1' title="bbox 334 265 1390 332">
    <p class='ocr_par' dir='ltr' id='par_1_1' title="bbox 334 265 1390 332">
     <span class='ocr_line' id='line_1_1' title="bbox 334 265 1390 332; baseline -0.002 -19"><span class='ocrx_word' id='word_1_1' title='bbox 334 271 417 332; x_wconf 65' lang='lat'><strong>43</strong></span> <span class='ocrx_word' id='word_1_2' title='bbox 872 267 1231 315; x_wconf 61' lang='lat' dir='ltr'><strong>cumanus.</strong></span> <span class='ocrx_word' id='word_1_3' title='bbox 1259 265 1390 312; x_wconf 77' lang='lat' dir='ltr'><strong>xm.</strong></span> 
     </span>
    </p>
   </div>
   <div class='ocr_carea' id='block_1_2' title="bbox 325 417 1916 2929">
    <p class='ocr_par' dir='ltr' id='par_1_2' title="bbox 338 417 1913 497">
     <span class='ocr_line' id='line_1_2' title="bbox 338 417 1913 497; baseline -0.002 -17"><span class='ocrx_word' id='word_1_4' title='bbox 338 422 552 480; x_wconf 82' lang='lat' dir='ltr'><strong>Aliena</strong></span> <span class='ocrx_word' id='word_1_5' title='bbox 580 439 707 496; x_wconf 83' lang='lat' dir='ltr'><strong>quae</strong></span> <span class='ocrx_word' id='word_1_6' title='bbox 731 428 1013 497; x_wconf 75' lang='lat' dir='ltr'><strong>petenteS,</strong></span> <span class='ocrx_word' id='word_1_7' title='bbox 1042 419 1198 477; x_wconf 88' lang='lat' dir='ltr'><strong>velut</strong></span> <span class='ocrx_word' id='word_1_8' title='bbox 1223 417 1471 490; x_wconf 76' lang='lat' dir='ltr'><strong>exsuleS,</strong></span> <span class='ocrx_word' id='word_1_9' title='bbox 1500 417 1672 487; x_wconf 81' lang='lat' dir='ltr'><strong>loca,.</strong></span> <span class='ocrx_word' id='word_1_10' title='bbox 1845 430 1913 478; x_wconf 82' lang='lat'><strong>14</strong></span> 
     </span>
    </p>

    <p class='ocr_par' dir='ltr' id='par_1_3' title="bbox 334 511 1914 589">
     <span class='ocr_line' id='line_1_3' title="bbox 334 511 1914 589; baseline -0.006 -11"><span class='ocrx_word' id='word_1_11' title='bbox 334 521 573 578; x_wconf 84' lang='lat' dir='ltr'><strong>Sectam</strong></span> <span class='ocrx_word' id='word_1_12' title='bbox 600 536 787 575; x_wconf 87' lang='lat' dir='ltr'><strong>meam</strong></span> <span class='ocrx_word' id='word_1_13' title='bbox 816 526 1124 589; x_wconf 79' lang='lat' dir='ltr'><strong>exsecutae,</strong></span> <span class='ocrx_word' id='word_1_14' title='bbox 1155 517 1303 574; x_wconf 89' lang='lat' dir='ltr'><strong>duce</strong></span> <span class='ocrx_word' id='word_1_15' title='bbox 1327 535 1440 587; x_wconf 90' lang='lat' dir='ltr'><strong>me,</strong></span> <span class='ocrx_word' id='word_1_16' title='bbox 1471 513 1614 572; x_wconf 87' lang='lat' dir='ltr'><strong>mihi</strong></span> <span class='ocrx_word' id='word_1_17' title='bbox 1641 511 1914 584; x_wconf 78' lang='lat' dir='ltr'><strong>comites,</strong></span> 
     </span>
    </p>

    <p class='ocr_par' dir='ltr' id='par_1_4' title="bbox 336 609 1810 701">
     <span class='ocr_line' id='line_1_4' title="bbox 336 609 1810 701; baseline -0.004 -28"><span class='ocrx_word' id='word_1_18' title='bbox 336 616 633 701; x_wconf 69' lang='lat' dir='ltr'><strong>Rapidum</strong></span> <span class='ocrx_word' id='word_1_19' title='bbox 662 615 845 672; x_wconf 71' lang='lat' dir='ltr'><strong>salu&#39;m</strong></span> <span class='ocrx_word' id='word_1_20' title='bbox 874 613 1102 686; x_wconf 84' lang='lat' dir='ltr'><strong>tulistis,</strong></span> <span class='ocrx_word' id='word_1_21' title='bbox 1131 613 1574 688; x_wconf 79' lang='lat' dir='ltr'><strong>truculentaque</strong></span> <span class='ocrx_word' id='word_1_22' title='bbox 1598 609 1810 688; x_wconf 82' lang='lat' dir='ltr'><strong>pelagi,</strong></span> 
     </span>
    </p>

    <p class='ocr_par' dir='ltr' id='par_1_5' title="bbox 333 709 1596 788">
     <span class='ocr_line' id='line_1_5' title="bbox 333 709 1596 788; baseline -0.004 -17"><span class='ocrx_word' id='word_1_23' title='bbox 333 713 413 772; x_wconf 91' lang='lat' dir='ltr'><strong>Et</strong></span> <span class='ocrx_word' id='word_1_24' title='bbox 442 732 649 788; x_wconf 84' lang='lat' dir='ltr'><strong>corpus</strong></span> <span class='ocrx_word' id='word_1_25' title='bbox 674 711 937 769; x_wconf 67' lang='lat' dir='ltr'><strong>evirastis</strong></span> <span class='ocrx_word' id='word_1_26' title='bbox 964 710 1212 770; x_wconf 82' lang='lat' dir='ltr'><strong>Veneris</strong></span> <span class='ocrx_word' id='word_1_27' title='bbox 1241 711 1420 768; x_wconf 86' lang='lat' dir='ltr'><strong>nimio</strong></span> <span class='ocrx_word' id='word_1_28' title='bbox 1445 709 1596 768; x_wconf 72' lang='lat' dir='ltr'><strong>odio,</strong></span> 
     </span>
    </p>

    <p class='ocr_par' dir='ltr' id='par_1_6' title="bbox 337 807 1616 868">
     <span class='ocr_line' id='line_1_6' title="bbox 337 807 1616 868; baseline -0.003 0"><span class='ocrx_word' id='word_1_29' title='bbox 337 810 598 868; x_wconf 88' lang='lat' dir='ltr'><strong>Hilarate</strong></span> <span class='ocrx_word' id='word_1_30' title='bbox 627 811 779 866; x_wconf 87' lang='lat' dir='ltr'><strong>herae</strong></span> <span class='ocrx_word' id='word_1_31' title='bbox 806 809 999 866; x_wconf 87' lang='lat' dir='ltr'><strong>citatis</strong></span> <span class='ocrx_word' id='word_1_32' title='bbox 1025 808 1314 868; x_wconf 85' lang='lat' dir='ltr'><strong>erroribus</strong></span> <span class='ocrx_word' id='word_1_33' title='bbox 1345 807 1616 865; x_wconf 88' lang='lat' dir='ltr'><strong>animum.</strong></span> 
     </span>
    </p>

    <p class='ocr_par' dir='ltr' id='par_1_7' title="bbox 336 900 1827 979">
     <span class='ocr_line' id='line_1_7' title="bbox 336 900 1827 979; baseline -0.005 -14"><span class='ocrx_word' id='word_1_34' title='bbox 336 907 503 966; x_wconf 89' lang='lat' dir='ltr'><strong>Mora</strong></span> <span class='ocrx_word' id='word_1_35' title='bbox 529 908 691 963; x_wconf 88' lang='lat' dir='ltr'><strong>tarda</strong></span> <span class='ocrx_word' id='word_1_36' title='bbox 719 916 911 962; x_wconf 88' lang='lat' dir='ltr'><strong>mente</strong></span> <span class='ocrx_word' id='word_1_37' title='bbox 940 905 1112 961; x_wconf 85' lang='lat' dir='ltr'><strong>cedat</strong></span> <span class='ocrx_word' id='word_1_38' title='bbox 1137 925 1148 960; x_wconf 94' lang='lat'>:</span> <span class='ocrx_word' id='word_1_39' title='bbox 1193 905 1361 962; x_wconf 85' lang='lat' dir='ltr'><strong>simul</strong></span> <span class='ocrx_word' id='word_1_40' title='bbox 1391 905 1488 976; x_wconf 85' lang='lat' dir='ltr'><strong>ite,</strong></span> <span class='ocrx_word' id='word_1_41' title='bbox 1519 900 1827 979; x_wconf 87' lang='lat' dir='ltr'><strong>sequimini</strong></span> 
     </span>
    </p>

    <p class='ocr_par' dir='ltr' id='par_1_8' title="bbox 334 1001 1916 1170">
     <span class='ocr_line' id='line_1_8' title="bbox 334 1001 1916 1080; baseline -0.003 -18"><span class='ocrx_word' id='word_1_42' title='bbox 334 1004 645 1080; x_wconf 81' lang='lat' dir='ltr'><strong>Phrygiam</strong></span> <span class='ocrx_word' id='word_1_43' title='bbox 694 1003 765 1059; x_wconf 89' lang='lat' dir='ltr'><strong>ad</strong></span> <span class='ocrx_word' id='word_1_44' title='bbox 812 1003 1048 1059; x_wconf 88' lang='lat' dir='ltr'><strong>domum</strong></span> <span class='ocrx_word' id='word_1_45' title='bbox 1090 1002 1378 1077; x_wconf 79' lang='lat' dir='ltr'><strong>Cybelles,</strong></span> <span class='ocrx_word' id='word_1_46' title='bbox 1407 1001 1661 1078; x_wconf 84' lang='lat' dir='ltr'><strong>Phrygia</strong></span> <span class='ocrx_word' id='word_1_47' title='bbox 1689 1001 1760 1058; x_wconf 87' lang='lat' dir='ltr'><strong>ad</strong></span> <span class='ocrx_word' id='word_1_48' title='bbox 1809 1018 1916 1058; x_wconf 87' lang='lat' dir='ltr'><strong>ne-</strong></span> 
     </span>
     <span class='ocr_line' id='line_1_9' title="bbox 478 1098 1910 1170; baseline -0.003 -13"><span class='ocrx_word' id='word_1_49' title='bbox 478 1118 656 1157; x_wconf 53' lang='lat' dir='ltr'><strong>*mora</strong></span> <span class='ocrx_word' id='word_1_50' title='bbox 677 1098 838 1170; x_wconf 84' lang='lat' dir='ltr'><strong>Deae,</strong></span> <span class='ocrx_word' id='word_1_51' title='bbox 1841 1111 1910 1160; x_wconf 70' lang='lat'><strong>20</strong></span> 
     </span>
    </p>

    <p class='ocr_par' dir='ltr' id='par_1_9' title="bbox 336 1195 1879 1274">
     <span class='ocr_line' id='line_1_10' title="bbox 336 1195 1879 1274; baseline -0.003 -17"><span class='ocrx_word' id='word_1_52' title='bbox 336 1197 452 1258; x_wconf 89' lang='lat' dir='ltr'><strong>Ubi</strong></span> <span class='ocrx_word' id='word_1_53' title='bbox 478 1196 807 1274; x_wconf 69' lang='lat' dir='ltr'><strong>cymbalum</strong></span> <span class='ocrx_word' id='word_1_54' title='bbox 835 1205 1002 1254; x_wconf 85' lang='lat' dir='ltr'><strong>sonat</strong></span> <span class='ocrx_word' id='word_1_55' title='bbox 1030 1215 1158 1268; x_wconf 81' lang='lat' dir='ltr'><strong>vox,</strong></span> <span class='ocrx_word' id='word_1_56' title='bbox 1189 1196 1287 1254; x_wconf 91' lang='lat' dir='ltr'><strong>ubi</strong></span> <span class='ocrx_word' id='word_1_57' title='bbox 1316 1207 1591 1272; x_wconf 87' lang='lat' dir='ltr'><strong>tympana</strong></span> <span class='ocrx_word' id='word_1_58' title='bbox 1616 1195 1879 1268; x_wconf 87' lang='lat' dir='ltr'><strong>reboant,</strong></span> 
     </span>
    </p>

    <p class='ocr_par' dir='ltr' id='par_1_10' title="bbox 336 1293 1812 1372">
     <span class='ocr_line' id='line_1_11' title="bbox 336 1293 1812 1372; baseline -0.003 -16"><span class='ocrx_word' id='word_1_59' title='bbox 336 1297 591 1356; x_wconf 75' lang='lat' dir='ltr'><strong>Tibicen</strong></span> <span class='ocrx_word' id='word_1_60' title='bbox 619 1294 716 1353; x_wconf 90' lang='lat' dir='ltr'><strong>ubi</strong></span> <span class='ocrx_word' id='word_1_61' title='bbox 746 1295 905 1352; x_wconf 87' lang='lat' dir='ltr'><strong>canit</strong></span> <span class='ocrx_word' id='word_1_62' title='bbox 930 1293 1125 1372; x_wconf 86' lang='lat' dir='ltr'><strong>Phryx</strong></span> <span class='ocrx_word' id='word_1_63' title='bbox 1156 1315 1332 1353; x_wconf 88' lang='lat' dir='ltr'><strong>curvo</strong></span> <span class='ocrx_word' id='word_1_64' title='bbox 1361 1314 1535 1372; x_wconf 87' lang='lat' dir='ltr'><strong>grave</strong></span> <span class='ocrx_word' id='word_1_65' title='bbox 1566 1295 1812 1366; x_wconf 88' lang='lat' dir='ltr'><strong>calam0,</strong></span> 
     </span>
    </p>

    <p class='ocr_par' dir='ltr' id='par_1_11' title="bbox 336 1390 1724 1470">
     <span class='ocr_line' id='line_1_12' title="bbox 336 1390 1724 1470; baseline -0.004 -17"><span class='ocrx_word' id='word_1_66' title='bbox 336 1395 455 1453; x_wconf 89' lang='lat' dir='ltr'><strong>Ubi</strong></span> <span class='ocrx_word' id='word_1_67' title='bbox 474 1393 665 1470; x_wconf 87' lang='lat' dir='ltr'><strong>capita</strong></span> <span class='ocrx_word' id='word_1_68' title='bbox 693 1391 991 1449; x_wconf 83' lang='lat' dir='ltr'><strong>Maenades</strong></span> <span class='ocrx_word' id='word_1_69' title='bbox 1018 1391 1076 1448; x_wconf 89' lang='lat' dir='ltr'><strong>vi</strong></span> <span class='ocrx_word' id='word_1_70' title='bbox 1097 1390 1324 1470; x_wconf 87' lang='lat' dir='ltr'><strong>jaciunt</strong></span> <span class='ocrx_word' id='word_1_71' title='bbox 1353 1391 1724 1466; x_wconf 83' lang='lat' dir='ltr'><strong>hederigerae,</strong></span> 
     </span>
    </p>

    <p class='ocr_par' dir='ltr' id='par_1_12' title="bbox 335 1487 1697 1564">
     <span class='ocr_line' id='line_1_13' title="bbox 335 1487 1697 1564; baseline -0.004 -15"><span class='ocrx_word' id='word_1_72' title='bbox 335 1492 449 1550; x_wconf 86' lang='lat' dir='ltr'><strong>Ubi</strong></span> <span class='ocrx_word' id='word_1_73' title='bbox 478 1509 643 1548; x_wconf 88' lang='lat' dir='ltr'><strong>sacra</strong></span> <span class='ocrx_word' id='word_1_74' title='bbox 670 1499 873 1546; x_wconf 84' lang='lat' dir='ltr'><strong>sancta</strong></span> <span class='ocrx_word' id='word_1_75' title='bbox 904 1488 1088 1546; x_wconf 87' lang='lat' dir='ltr'><strong>acutis</strong></span> <span class='ocrx_word' id='word_1_76' title='bbox 1118 1489 1428 1550; x_wconf 84' lang='lat' dir='ltr'><strong>ululatibus</strong></span> <span class='ocrx_word' id='word_1_77' title='bbox 1457 1487 1697 1564; x_wconf 84' lang='lat' dir='ltr'><strong>agitant,</strong></span> 
     </span>
    </p>

    <p class='ocr_par' dir='ltr' id='par_1_13' title="bbox 330 1583 1912 1660">
     <span class='ocr_line' id='line_1_14' title="bbox 330 1583 1912 1660; baseline -0.004 -13"><span class='ocrx_word' id='word_1_78' title='bbox 330 1588 451 1647; x_wconf 92' lang='lat' dir='ltr'><strong>-Ubi</strong></span> <span class='ocrx_word' id='word_1_79' title='bbox 478 1586 661 1644; x_wconf 87' lang='lat' dir='ltr'><strong>suevit</strong></span> <span class='ocrx_word' id='word_1_80' title='bbox 690 1585 786 1641; x_wconf 88' lang='lat' dir='ltr'><strong>illa</strong></span> <span class='ocrx_word' id='word_1_81' title='bbox 813 1583 978 1640; x_wconf 83' lang='lat' dir='ltr'><strong>Divae</strong></span> <span class='ocrx_word' id='word_1_82' title='bbox 1008 1585 1241 1641; x_wconf 80' lang='lat' dir='ltr'><strong>volitare</strong></span> <span class='ocrx_word' id='word_1_83' title='bbox 1270 1603 1418 1660; x_wconf 81' lang='lat' dir='ltr'><strong>vaga</strong></span> <span class='ocrx_word' id='word_1_84' title='bbox 1444 1585 1649 1645; x_wconf 85' lang='lat' dir='ltr'><strong>cohors</strong></span> <span class='ocrx_word' id='word_1_85' title='bbox 1672 1603 1686 1654; x_wconf 82' lang='lat'><em>3</em></span> <span class='ocrx_word' id='word_1_86' title='bbox 1845 1597 1912 1646; x_wconf 79' lang='lat'><strong>25</strong></span> 
     </span>
    </p>

    <p class='ocr_par' dir='ltr' id='par_1_14' title="bbox 327 1678 1611 1757">
     <span class='ocr_line' id='line_1_15' title="bbox 327 1678 1611 1757; baseline -0.005 -14"><span class='ocrx_word' id='word_1_87' title='bbox 327 1686 473 1748; x_wconf 75' lang='lat' dir='ltr'><strong>Quo</strong></span> <span class='ocrx_word' id='word_1_88' title='bbox 501 1703 605 1741; x_wconf 84' lang='lat' dir='ltr'><strong>nos</strong></span> <span class='ocrx_word' id='word_1_89' title='bbox 632 1681 801 1739; x_wconf 88' lang='lat' dir='ltr'><strong>decet</strong></span> <span class='ocrx_word' id='word_1_90' title='bbox 828 1679 1019 1737; x_wconf 86' lang='lat' dir='ltr'><strong>citatis</strong></span> <span class='ocrx_word' id='word_1_91' title='bbox 1047 1680 1300 1737; x_wconf 87' lang='lat' dir='ltr'><strong>celerare</strong></span> <span class='ocrx_word' id='word_1_92' title='bbox 1328 1678 1611 1757; x_wconf 79' lang='lat' dir='ltr'><strong>tripudiis.</strong></span> 
     </span>
    </p>

    <p class='ocr_par' dir='ltr' id='par_1_15' title="bbox 325 1777 1910 2053">
     <span class='ocr_line' id='line_1_16' title="bbox 402 1777 1910 1855; baseline -0.003 -14"><span class='ocrx_word' id='word_1_93' title='bbox 402 1781 588 1841; x_wconf 86' lang='lat' dir='ltr'><strong>Simul</strong></span> <span class='ocrx_word' id='word_1_94' title='bbox 607 1780 731 1836; x_wconf 86' lang='lat' dir='ltr'><strong>haec</strong></span> <span class='ocrx_word' id='word_1_95' title='bbox 749 1777 1058 1845; x_wconf 82' lang='lat' dir='ltr'><strong>comitibus</strong></span> <span class='ocrx_word' id='word_1_96' title='bbox 1071 1778 1218 1855; x_wconf 85' lang='lat' dir='ltr'><strong>Atys</strong></span> <span class='ocrx_word' id='word_1_97' title='bbox 1234 1778 1472 1851; x_wconf 79' lang='lat' dir='ltr'><strong>cecinit,</strong></span> <span class='ocrx_word' id='word_1_98' title='bbox 1483 1778 1910 1851; x_wconf 85' lang='lat' dir='ltr'><strong>nothamulier,</strong></span> 
     </span>
     <span class='ocr_line' id='line_1_17' title="bbox 325 1876 1769 1954; baseline -0.003 -15"><span class='ocrx_word' id='word_1_99' title='bbox 325 1880 587 1939; x_wconf 83' lang='lat' dir='ltr'><strong>Thiasus</strong></span> <span class='ocrx_word' id='word_1_100' title='bbox 614 1888 850 1954; x_wconf 89' lang='lat' dir='ltr'><strong>repente</strong></span> <span class='ocrx_word' id='word_1_101' title='bbox 877 1876 1094 1953; x_wconf 87' lang='lat' dir='ltr'><strong>linguis</strong></span> <span class='ocrx_word' id='word_1_102' title='bbox 1121 1876 1539 1953; x_wconf 84' lang='lat' dir='ltr'><strong>trepidantibus</strong></span> <span class='ocrx_word' id='word_1_103' title='bbox 1566 1876 1769 1950; x_wconf 89' lang='lat' dir='ltr'><strong>ululat,</strong></span> 
     </span>
     <span class='ocr_line' id='line_1_18' title="bbox 329 1974 1910 2053; baseline -0.003 -16"><span class='ocrx_word' id='word_1_104' title='bbox 329 1980 487 2039; x_wconf 90' lang='lat' dir='ltr'><strong>Leve</strong></span> <span class='ocrx_word' id='word_1_105' title='bbox 528 1988 867 2053; x_wconf 87' lang='lat' dir='ltr'><strong>tympanum</strong></span> <span class='ocrx_word' id='word_1_106' title='bbox 914 1975 1187 2053; x_wconf 84' lang='lat' dir='ltr'><strong>remugit,</strong></span> <span class='ocrx_word' id='word_1_107' title='bbox 1226 1994 1370 2033; x_wconf 85' lang='lat' dir='ltr'><strong>cava</strong></span> <span class='ocrx_word' id='word_1_108' title='bbox 1411 1974 1676 2051; x_wconf 86' lang='lat' dir='ltr'><strong>cymbala</strong></span> <span class='ocrx_word' id='word_1_109' title='bbox 1715 1994 1910 2033; x_wconf 86' lang='lat' dir='ltr'><strong>recre-</strong></span> 
     </span>
    </p>

    <p class='ocr_par' dir='ltr' id='par_1_16' title="bbox 329 2083 1910 2345">
     <span class='ocr_line' id='line_1_19' title="bbox 488 2083 1909 2150; baseline -0.009 -20"><span class='ocrx_word' id='word_1_110' title='bbox 488 2083 646 2150; x_wconf 83' lang='lat' dir='ltr'><strong>pant.</strong></span> <span class='ocrx_word' id='word_1_111' title='bbox 846 2106 849 2110; x_wconf 93' lang='lat'>·</span> <span class='ocrx_word' id='word_1_112' title='bbox 988 2114 995 2122; x_wconf 78' lang='grc'>.</span> <span class='ocrx_word' id='word_1_113' title='bbox 1781 2094 1806 2122; x_wconf 74' lang='grc'><strong>·,</strong></span> <span class='ocrx_word' id='word_1_114' title='bbox 1841 2086 1909 2135; x_wconf 78' lang='lat'><strong>29</strong></span> 
     </span>
     <span class='ocr_line' id='line_1_20' title="bbox 329 2168 1909 2246; baseline -0.002 -16"><span class='ocrx_word' id='word_1_115' title='bbox 329 2170 595 2231; x_wconf 71' lang='lat' dir='ltr'><strong>Viride‘m</strong></span> <span class='ocrx_word' id='word_1_116' title='bbox 617 2168 767 2225; x_wconf 85' lang='lat' dir='ltr'><strong>citus</strong></span> <span class='ocrx_word' id='word_1_117' title='bbox 796 2168 915 2225; x_wconf 89' lang='lat' dir='ltr'><strong>adit</strong></span> <span class='ocrx_word' id='word_1_118' title='bbox 944 2168 1110 2225; x_wconf 82' lang='lat' dir='ltr'><strong>Idam</strong></span> <span class='ocrx_word' id='word_1_119' title='bbox 1130 2179 1472 2245; x_wconf 84' lang='lat' dir='ltr'><strong>properante</strong></span> <span class='ocrx_word' id='word_1_120' title='bbox 1499 2170 1645 2246; x_wconf 90' lang='lat' dir='ltr'><strong>pede</strong></span> <span class='ocrx_word' id='word_1_121' title='bbox 1674 2169 1909 2228; x_wconf 78' lang='lat' dir='ltr'><strong>chorus,</strong></span> 
     </span>
     <span class='ocr_line' id='line_1_21' title="bbox 332 2264 1910 2345; baseline -0.002 -17"><span class='ocrx_word' id='word_1_122' title='bbox 332 2266 675 2327; x_wconf 78' lang='lat' dir='ltr'><strong>Furibunda</strong></span> <span class='ocrx_word' id='word_1_123' title='bbox 722 2264 913 2337; x_wconf 83' lang='lat' dir='ltr'><strong>simul,</strong></span> <span class='ocrx_word' id='word_1_124' title='bbox 964 2266 1262 2339; x_wconf 73' lang='lat' dir='ltr'><strong>anhelam,</strong></span> <span class='ocrx_word' id='word_1_125' title='bbox 1310 2286 1459 2345; x_wconf 84' lang='lat' dir='ltr'><strong>vaga</strong></span> <span class='ocrx_word' id='word_1_126' title='bbox 1499 2266 1675 2340; x_wconf 87' lang='lat' dir='ltr'><strong>vadit,</strong></span> <span class='ocrx_word' id='word_1_127' title='bbox 1725 2266 1910 2325; x_wconf 87' lang='lat' dir='ltr'><strong>animi</strong></span> 
     </span>
    </p>

    <p class='ocr_par' dir='ltr' id='par_1_17' title="bbox 328 2382 1909 2929">
     <span class='ocr_line' id='line_1_22' title="bbox 488 2382 716 2443; baseline -0.009 -20"><span class='ocrx_word' id='word_1_128' title='bbox 488 2382 716 2443; x_wconf 53' lang='lat' dir='ltr'><strong>egena,</strong></span> 
     </span>
     <span class='ocr_line' id='line_1_23' title="bbox 330 2460 1886 2538; baseline -0.001 -18"><span class='ocrx_word' id='word_1_129' title='bbox 330 2462 621 2520; x_wconf 85' lang='lat' dir='ltr'><strong>Comitata</strong></span> <span class='ocrx_word' id='word_1_130' title='bbox 646 2471 919 2536; x_wconf 87' lang='lat' dir='ltr'><strong>tympano</strong></span> <span class='ocrx_word' id='word_1_131' title='bbox 946 2460 1114 2537; x_wconf 77' lang='lat' dir='ltr'><strong>Atys,</strong></span> <span class='ocrx_word' id='word_1_132' title='bbox 1141 2479 1244 2537; x_wconf 90' lang='lat' dir='ltr'><strong>per</strong></span> <span class='ocrx_word' id='word_1_133' title='bbox 1271 2480 1454 2538; x_wconf 86' lang='lat' dir='ltr'><strong>opaca</strong></span> <span class='ocrx_word' id='word_1_134' title='bbox 1481 2480 1720 2519; x_wconf 88' lang='lat' dir='ltr'><strong>nemora</strong></span> <span class='ocrx_word' id='word_1_135' title='bbox 1745 2461 1886 2531; x_wconf 84' lang='lat' dir='ltr'><strong>dux,</strong></span> 
     </span>
     <span class='ocr_line' id='line_1_24' title="bbox 328 2557 1666 2637; baseline 0 -20"><span class='ocrx_word' id='word_1_136' title='bbox 328 2559 529 2617; x_wconf 88' lang='lat' dir='ltr'><strong>Veluti</strong></span> <span class='ocrx_word' id='word_1_137' title='bbox 552 2559 806 2635; x_wconf 89' lang='lat' dir='ltr'><strong>juvenca</strong></span> <span class='ocrx_word' id='word_1_138' title='bbox 830 2557 1017 2615; x_wconf 87' lang='lat' dir='ltr'><strong>vitans</strong></span> <span class='ocrx_word' id='word_1_139' title='bbox 1045 2578 1192 2617; x_wconf 88' lang='lat' dir='ltr'><strong>onus</strong></span> <span class='ocrx_word' id='word_1_140' title='bbox 1221 2559 1501 2617; x_wconf 88' lang='lat' dir='ltr'><strong>indomita</strong></span> <span class='ocrx_word' id='word_1_141' title='bbox 1522 2557 1666 2637; x_wconf 88' lang='lat' dir='ltr'><strong>jugi.</strong></span> 
     </span>
     <span class='ocr_line' id='line_1_25' title="bbox 332 2641 1840 2731; baseline 0 -17"><span class='ocrx_word' id='word_1_142' title='bbox 332 2641 593 2731; x_wconf 65' lang='lat' dir='ltr'><strong>Rapidze</strong></span> <span class='ocrx_word' id='word_1_143' title='bbox 610 2655 819 2711; x_wconf 87' lang='lat' dir='ltr'><strong>ducem</strong></span> <span class='ocrx_word' id='word_1_144' title='bbox 847 2665 1165 2730; x_wconf 84' lang='lat' dir='ltr'><strong>sequuntur</strong></span> <span class='ocrx_word' id='word_1_145' title='bbox 1191 2654 1374 2713; x_wconf 70' lang='lat' dir='ltr'><strong>Gallae</strong></span> <span class='ocrx_word' id='word_1_146' title='bbox 1402 2656 1548 2731; x_wconf 88' lang='lat' dir='ltr'><strong>pede</strong></span> <span class='ocrx_word' id='word_1_147' title='bbox 1575 2674 1840 2731; x_wconf 86' lang='lat' dir='ltr'><strong>propero.</strong></span> 
     </span>
     <span class='ocr_line' id='line_1_26' title="bbox 330 2751 1909 2831; baseline -0.001 -21"><span class='ocrx_word' id='word_1_148' title='bbox 330 2754 557 2829; x_wconf 84' lang='lat' dir='ltr'><strong>Itaque,</strong></span> <span class='ocrx_word' id='word_1_149' title='bbox 587 2762 649 2809; x_wconf 91' lang='lat' dir='ltr'><strong>ut</strong></span> <span class='ocrx_word' id='word_1_150' title='bbox 678 2751 907 2809; x_wconf 88' lang='lat' dir='ltr'><strong>domum</strong></span> <span class='ocrx_word' id='word_1_151' title='bbox 937 2753 1210 2829; x_wconf 89' lang='lat' dir='ltr'><strong>Cybelles</strong></span> <span class='ocrx_word' id='word_1_152' title='bbox 1238 2752 1501 2831; x_wconf 68' lang='lat' dir='ltr'><strong>tetigere,</strong></span> <span class='ocrx_word' id='word_1_153' title='bbox 1529 2752 1758 2812; x_wconf 81' lang='lat' dir='ltr'><strong>lassulae</strong></span> <span class='ocrx_word' id='word_1_154' title='bbox 1843 2767 1909 2817; x_wconf 86' lang='lat'><strong>35</strong></span> 
     </span>
     <span class='ocr_line' id='line_1_27' title="bbox 328 2847 1804 2929; baseline 0.001 -20"><span class='ocrx_word' id='word_1_155' title='bbox 328 2849 531 2910; x_wconf 88' lang='lat' dir='ltr'><strong>Nimio</strong></span> <span class='ocrx_word' id='word_1_156' title='bbox 552 2867 589 2907; x_wconf 93' lang='lat' dir='ltr'><strong>e</strong></span> <span class='ocrx_word' id='word_1_157' title='bbox 615 2847 829 2920; x_wconf 82' lang='lat' dir='ltr'><strong>labore,</strong></span> <span class='ocrx_word' id='word_1_158' title='bbox 858 2868 1124 2910; x_wconf 85' lang='lat' dir='ltr'><strong>somnum</strong></span> <span class='ocrx_word' id='word_1_159' title='bbox 1153 2850 1392 2929; x_wconf 84' lang='lat' dir='ltr'><strong>capiunt</strong></span> <span class='ocrx_word' id='word_1_160' title='bbox 1419 2851 1544 2911; x_wconf 86' lang='lat' dir='ltr'><strong>sine</strong></span> <span class='ocrx_word' id='word_1_161' title='bbox 1569 2850 1804 2912; x_wconf 79' lang='lat' dir='ltr'><strong>Cerere.</strong></span> 
     </span>
    </p>
   </div>
   <div class='ocr_carea' id='block_1_3' title="bbox 2031 0 2042 743">
    <p class='ocr_par' dir='ltr' id='par_1_18' title="bbox 2031 0 2042 743">
     <span class='ocr_line' id='line_1_28' title="bbox 2031 0 2042 743; textangle 90"><span class='ocrx_word' id='word_1_162' title='bbox 2031 0 2042 743; x_wconf 46' lang='lat' dir='ltr'><strong>*J—d———ffl-</strong></span> 
     </span>
    </p>
   </div>
   <div class='ocr_carea' id='block_1_4' title="bbox 2039 743 2042 1296">
    <p class='ocr_par' dir='ltr' id='par_1_19' title="bbox 2039 743 2042 1296">
     <span class='ocr_line' id='line_1_29' title="bbox 2039 743 2042 1296; baseline 0 0"><span class='ocrx_word' id='word_1_163' title='bbox 2039 743 2042 1296; x_wconf 95' lang='lat' dir='ltr'><strong> </strong></span> 
     </span>
    </p>
   </div>
   <div class='ocr_carea' id='block_1_5' title="bbox 2038 743 2043 2607">
    <p class='ocr_par' dir='ltr' id='par_1_20' title="bbox 2038 743 2043 2607">
     <span class='ocr_line' id='line_1_30' title="bbox 2038 743 2043 2607; baseline 0 0"><span class='ocrx_word' id='word_1_164' title='bbox 2038 743 2043 2607; x_wconf 95' lang='lat' dir='ltr'><strong> </strong></span> 
     </span>
    </p>
   </div>
  </div>
 </body>
</html>
