2055 3364
355 256 434 317 74
859 255 1219 303 cA'rULLUs.
1256 254 1406 301 XLV.
1444 267 1453 277 ·

355 404 426 467 Id
453 417 679 486 gratum
703 418 792 465 est
820 406 980 479 mihi,
1007 426 1103 465 me
1129 406 1397 484 quoniam
1439 404 1543 463 tibi
1582 404 1748 464 ducis
1776 404 1920 463 aimi-

514 525 666 579 cum,

434 595 794 679 Muneraque
841 612 900 661 et
941 597 1241 659 Musarum
1284 600 1423 659 hinc
1468 599 1614 677 petis
1652 609 1712 657 et
1757 598 1918 658 Ven-

512 700 642 759 eris·
1853 710 1917 759 10

356 795 472 853 Sed
501 796 607 853 tibi
633 814 709 853 ne
735 812 867 853 mea
893 796 1008 853 sint
1037 796 1233 873 ignota
1260 794 1640 866 incommoda,
1668 792 1878 865 Manli,

433 889 568 949 Neu
597 910 690 947 me
715 890 904 947 odisse
931 901 1098 965 putes
1128 891 1366 966 hospitis
1390 890 1677 959 officium3

353 986 599 1061 Accipe,
627 984 757 1060 quis
784 1004 998 1043 merser
1029 970 1267 1043 foi-tunae
1296 985 1564 1045 fluctibus
1592 986 1733 1062 ipse,

429 1079 525 1138 Ne
555 1080 798 1156 amplius
827 1098 862 1137 a
887 1080 1095 1139 misero
1122 1081 1277 1141 dona
1302 1081 1471 1140 beata
1497 1092 1675 1157 petas,

351 1174 642 1251 Tempore
660 1196 778 1252 quo
795 1177 1043 1253 primum
1066 1176 1236 1235 vestis
1259 1177 1399 1235 mihi
1421 1176 1629 1235 tradita
1648 1193 1792 1252 pura
1809 1184 1920 1247 est,

430 1272 768 1331 Jucundum
797 1292 932 1331 cum
963 1284 1101 1332 aetas
1129 1273 1331 1333 florida
1358 1292 1455 1331 ver
1484 1281 1697 1349 ageret,
1856 1286 1919 1334 16

352 1368 540 1427 Multa
567 1370 704 1429 satis
733 1370 843 1429 lusi
868 1391 882 1427 :
924 1390 1042 1428 non
1070 1382 1159 1427 est
1188 1372 1315 1429 Dea
1342 1370 1539 1429 nescia
1565 1370 1763 1443 nostri,

425 1466 583 1528 Quae
611 1468 838 1525 dulcem
867 1468 1021 1525 curis
1050 1467 1255 1526 miscet
1282 1468 1614 1525 amaritiem.

352 1563 470 1620 Sed
497 1572 678 1620 totum
707 1565 818 1621 hoc
845 1564 1098 1620 studium
1127 1564 1286 1621 luctu
1317 1564 1566 1622 fraterna
1595 1562 1736 1621 mihi
1764 1582 1923 1621 mors

427 1658 699 1716 Abstulit.
781 1657 838 1714 Ο
868 1658 1076 1716 misero
1106 1657 1277 1715 frater
1308 1658 1531 1716 ademte
1559 1658 1698 1716 mihi
1726 1659 1739 1717 Ι
1850 1674 1919 1725 20

351 1752 450 1813 Tu
479 1773 627 1826 mea,
657 1765 719 1814 tu
747 1754 998 1818 moriens
1025 1753 1245 1832 fregisti
1272 1755 1591 1828 commoda,
1618 1756 1830 1815 frater:
1906 1779 1913 1788 ·

429 1852 660 1910 Tecum
688 1851 807 1910 uni
833 1861 953 1910 tota
979 1861 1068 1909 est
1096 1861 1289 1911 nostra
1316 1851 1538 1928 sepulta
1564 1853 1767 1912 domus
1793 1873 1806 1910 :

347 1950 568 2009 Omnia
596 1959 788 2009 tecum
817 1949 935 2008 una
961 1949 1257 2027 perierunt
1283 1950 1497 2026 gaudia
1520 1960 1735 2023 nostra,

427 2048 580 2110 Qaae
606 2060 739 2106 tuus
768 2047 828 2104 in
857 2047 974 2104 vitii
1001 2047 1191 2105 dulcis
1221 2046 1409 2106 alebat
1437 2065 1611 2105 amor.
1882 2113 1887 2118 .

348 2144 578 2220 Quojus
607 2163 716 2220 ego
745 2143 978 2200 interitu
999 2144 1127 2200 tot&
1153 2144 1227 2202 de
1256 2155 1447 2202 mente
1477 2141 1669 2222 fugavi
1852 2165 1923 2215 25

429 2241 578 2299 Haec
605 2240 814 2311 studia,
845 2249 1016 2314 atque
1044 2258 1246 2298 omnes
1274 2241 1513 2300 delicias
1542 2242 1737 2301 animi.

722 2338 757 2373 fi
920 2337 955 2372 fi
1117 2336 1152 2371 fi
1314 2337 1349 2372 fi
1508 2339 1545 2374 8

351 2533 627 2608 Ignosces
656 2532 847 2608 igitur,·
877 2529 946 2600 si,
975 2548 1103 2604 quae
1130 2530 1273 2588 mihi
1300 2531 1490 2588 luctus
1519 2533 1755 2608 ademit,

431 2628 578 2686 Haec
604 2629 708 2686 tibi
738 2648 854 2686 non
881 2627 1071 2686 tribuo
1100 2646 1360 2699 munera,
1388 2647 1524 2686 cum
1554 2651 1797 2708 neque0.
1849 2650 1915 2699 30

350 2721 526 2795 Nam,
574 2723 725 2798 quod
779 2722 1119 2799 scriptorum
1173 2742 1288 2782 non
1345 2741 1557 2800 magna
1608 2736 1696 2784 est
1747 2730 1918 2806 copia

509 2818 658 2896 apud
687 2834 806 2887 me,·
