2055 3364
686 293 1046 344 euvenus.
1075 292 1232 342 xm.
1663 299 1745 358 5³-

164 445 341 508 Rura
366 444 503 506 colit
528 463 701 504 nemo
726 465 739 504 :
781 447 1125 506 mollescunt
1151 445 1301 504 colla
1321 445 1624 522 juvencis:

163 543 307 602 Non
337 543 571 602 humilis
600 543 790 602 curvis
816 553 1095 620 purgatur
1123 542 1294 600 vinea
1317 542 1513 600 rastris
1541 563 1555 601 :

164 639 305 698 Non
335 640 564 717 glebam
590 660 771 717 prono
798 640 1070 698 convellit
1097 655 1325 698 vomere
1351 650 1586 698 taurus:
1679 653 1743 704 40

162 735 305 797 Non
334 736 453 794 falx
482 746 741 794 attenuat
768 737 1162 794 frondatorum
1201 737 1417 794 arboris
1445 736 1740 796 umbram:

164 833 449 910 Squalida
474 833 715 890 desertis
743 833 943 910 robigo
970 833 1210 892 infertur
1240 835 1458 892 aratris·

244 929 441 1006 Ipsius
468 939 527 988 at
554 930 719 988 sedes
750 929 1142 1009 (quacumque
1170 932 1443 1008 opulenta
1468 930 1707 988 recessit

163 1025 391 1106 Regia)
420 1026 664 1104 fulgen-ti
693 1028 999 1104 splendent
1026 1047 1186 1102 auro,
1216 1039 1385 1104 atque
1415 1037 1669 1104 argento.

160 1123 399 1182 Candet
424 1124 568 1183 ebur
594 1124 751 1183 soliis
773 1125 1123 1196 ;‘collucent
1149 1127 1360 1200 pocula
1385 1126 1637 1183 mensis:
1680 1140 1744 1190 45

160 1219 325 1280 Tota
348 1221 554 1280 domus
582 1223 797 1298 gaudet
822 1221 1005 1298 regali
1035 1221 1337 1297 splendida
1363 1223 1532 1297 gaza.
1710 1203 1718 1212 ’

162 1317 441 1378 Pulvinar
467 1337 603 1377 vero
628 1317 793 1376 Divae
820 1317 1050 1394 geniale
1079 1319 1300 1375 locatur

162 1415 418 1474 Sedibus
444 1415 505 1473 in
534 1415 941 1486 mediis.,·1ndo
970 1415 1122 1489 quod
1150 1414 1325 1470 dente
1352 1412 1592 1488 politum

161 1513 389 1573 Tincta
414 1513 558 1589 tegit
584 1531 749 1570 roseo
776 1509 1048 1586 conchyli
1075 1528 1334 1587 purpura*
1355 1510 1505 1568 suco.

162 1610 315 1670 Haec
342 1610 537 1682 vestiS,
566 1609 772 1687 priscis
801 1607 1100 1667 hominum
1131 1607 1348 1666 variata
1373 1607 1593 1687 figuris,
1678 1623 1744 1673 50

165 1708 429 1767 Heroum
457 1707 607 1767 mira
632 1707 871 1765 virtutes
898 1706 1120 1763 indicat
1149 1714 1286 1763 arte.

165 1804 439 1880 Namque
466 1803 813 1862 fluentisono
838 1810 1213 1879 prospectans
1239 1801 1404 1859 litore
1430 1800 1561 1861 Dite

162 1902 406 1961 Thesea
432 1900 737 1959 cedentem
764 1897 943 1957 celeri
970 1916 1106 1955 cum
1122 1898 1319 1955 classe
1347 1907 1540 1955 tuetur

168 1998 489 2059 Indomitos
517 1998 580 2056 in
608 1998 785 2056 corde
811 2014 1021 2073 gerens
1052 1995 1315 2052 Ariadna
1341 1994 1592 2053 furores:

168 2094 442 2155 Necdum
471 2095 647 2153 etiam
676 2110 822 2165 sese,
852 2112 979 2170 quae
1005 2090 1156 2163 visit,
1184 2090 1368 2149 visere
1396 2092 1616 2163 credit3
1677 2104 1740 2156 5³5

168 2193 380 2269 Utpote
408 2192 599 2250 fallaci
626 2206 753 2267 quae
783 2200 903 2247 tum
931 2187 1181 2266 primum
1209 2187 1401 2247 excita
1427 2206 1629 2247 somno

168 2289 473 2348 Desertam
500 2288 561 2345 in
591 2286 713 2344 sola
741 2283 1007 2345 miseram
1037 2304 1100 2342 se
1127 2285 1315 2342 cernit
1344 2287 1534 2343 arena.

171 2387 483 2446 Immemor
512 2392 571 2442 at
590 2384 821 2462 juvenis
848 2383 1078 2460 fugiens
1105 2382 1266 2458 pellit
1293 2382 1440 2438 vada
1467 2382 1658 2454 remis,

169 2484 343 2545 Irrita
368 2492 620 2541 ventosae
646 2482 913 2557 linquens
940 2480 1220 2557 promissa
1247 2479 1543 2555 procellae:

166 2582 368 2645 Quem
394 2579 597 2657 procul
624 2596 695 2635 ex
726 2576 856 2654 alga
884 2577 1101 2641 moestis
1131 2576 1346 2635 Minois
1371 2576 1588 2650 ocellis,
1679 2592 1742 2642 60

172 2678 364 2737 Saxa
388 2686 454 2735 ut
478 2675 700 2755 effigies
728 2674 1069 2731 bacchantis
1095 2671 1368 2749 prospicit
1395 2672 1564 2747 Eum,

169 2774 477 2853 Prospicit,
505 2782 564 2831 et
589 2770 815 2850 magnis
843 2788 1113 2829 curarum
1142 2770 1382 2830 fluctuat
1407 2771 1598 2842 undis,

168 2874 309 2935 Non
338 2872 486 2931 flavo
512 2870 767 2929 retinens
794 2869 1064 2929 subtilem
1091 2870 1578 2938 vertice'mitram,

572 2970 613 3027 5
