2055 3364
282 275 364 335 54
816 268 1175 318 CATULLUS.
1208 270 1362 321 xm.

287 423 424 481 Non
453 428 718 479 contecta
744 419 856 477 levi
881 419 1131 478 velatum
1158 430 1361 497 pectus
1391 418 1625 491 amictu,

286 520 422 578 Non
451 517 616 575 tereti
645 518 896 593 strophio
925 518 1209 575 luctantes
1237 516 1431 573 vincta
1460 516 1737 592 papillas3
1796 528 1867 579 65

287 615 504 673 Omnia
531 634 676 689 quae,
708 626 825 671 toto
853 615 1089 689 delapsa
1116 634 1147 669 e
1178 623 1413 689 corpore
1441 614 1673 689 passim,

286 712 476 787 Ipsius
505 723 636 769 ante
665 713 860 787 pedeS,
892 712 1099 769 fluctus
1128 710 1261 766 salis
1290 710 1636 775 alludebant.

287 809 404 867 Sed
459 828 646 885 neque
700 819 822 868 tum
878 808 1080 880 mitrae,
1136 826 1323 882 neque
1393 817 1515 863 tum
1580 804 1870 863 fluitantis

449 906 694 963 amictus

286 1000 397 1058 Illa
423 1000 610 1057 vicem
640 1018 870 1070 curam,
900 1007 1019 1056 toto
1047 1018 1120 1055 ex
1148 1008 1204 1053 te
1231 1007 1485 1073 pectore,
1518 997 1777 1070 Theseu,

287 1098 442 1155 Toto
471 1094 682 1167 animo,
711 1093 832 1153 tota
858 1094 1151 1171 pendebat
1179 1094 1401 1170 perdita
1428 1104 1637 1157 mente.
1798 1108 1871 1158 7ο

287 1194 384 1251 Ah
414 1192 648 1250 misera!
695 1191 938 1249 assiduis
965 1210 1139 1268 quam
1166 1191 1417 1249 luctibus
1444 1191 1764 1250 externavit

288 1290 562 1368 Spinosas
591 1288 846 1365 Erycina
874 1308 1072 1347 serens
1101 1290 1160 1346 in
1191 1300 1422 1365 pectore
1451 1310 1621 1347 curas

284 1388 395 1446 Illa
422 1397 780 1464 tempestate,
810 1387 970 1445 ferox
997 1406 1111 1463 quo
1140 1396 1395 1463 tempore
1422 1387 1715 1458 Theseus,

285 1484 568 1561 Egressus
594 1484 786 1541 curvis
814 1502 847 1539 e
874 1483 1137 1541 litoribus
1164 1482 1391 1555 Piraeei,

285 1579 497 1655 Attigit
523 1578 719 1654 injusti
747 1577 900 1653 regis
927 1579 1209 1652 Gortynia
1234 1589 1405 1637 tecta.
1792 1595 1869 1645 ¹75

283 1676 441 1735 Nam
467 1673 788 1752 perhibent,
815 1673 973 1746 olim,
1001 1674 1223 1732 crudeli
1250 1685 1411 1750 peste
1438 1668 1703 1734 coactam

284 1773 724 1849 Androgeoneae
749 1790 952 1848 poenas
979 1772 1273 1830 exsolvere
1304 1771 1501 1844 caedis,

219 1931 222 1934 ,
261 1871 516 1946 ,ΕΙεοῐοε
537 1871 778 1947 juvenes
807 1868 997 1941 simul,
1027 1879 1086 1925 et
1112 1869 1293 1926 decus
1320 1869 1717 1945 innuptarum,

285 1968 627 2044 Cecropiam
655 1966 879 2024 solitam
907 1985 1033 2024 esse
1062 1967 1270 2042 dapem
1298 1967 1434 2024 dare
1464 1966 1795 2042 Minotauro
1822 1988 1837 2026 ε

281 2063 439 2126 Quis
468 2073 711 2139 angusta
737 2061 902 2121 malis
931 2081 1065 2118 cum
1093 2062 1309 2119 moenia
1336 2073 1697 2134 vexarentur,
1790 2075 1863 2128 ευ

284 2162 418 2238 Ipse
445 2179 612 2218 suum
644 2157 913 2216 Theseus
939 2177 1043 2233 pro
1070 2158 1220 2214 caris
1248 2178 1456 2234 corpus
1486 2159 1737 2218 Athenis

283 2260 572 2337 Projicere
597 2256 812 2333 optavit
837 2254 1245 2331 potiuffiquam
1274 2255 1413 2313 talia
1441 2256 1675 2314 Cretam

286 2359 520 2416 Funera
547 2353 846 2430 Cecropiae
873 2353 1177 2409 ne-sunera
1205 2362 1579 2428 portarentur.

288 2455 480 2530 Atque
509 2454 589 2510 ita
615 2470 762 2511 nave
790 2448 902 2506 levi
929 2447 1121 2506 nitens
1150 2466 1219 2504 ac
1244 2447 1473 2505 lenibus
1502 2447 1675 2520 auriS,

287 2550 731 2627 Magnanimum
753 2547 825 2606 ad
849 2545 1052 2603 Minoa
1071 2543 1246 2616 venit,
1266 2545 1544 2620 sedesque
1562 2546 1865 2622 superbas.

289 2649 468 2708 Hunc
495 2645 666 2705 simul
695 2664 764 2704 ac
791 2643 1000 2720 cupido
1029 2641 1329 2718 conspexit
1354 2639 1571 2698 lumine
1601 2641 1761 2718 virgo
1794 2657 1867 2708 86

288 2743 501 2823 Regia,
530 2761 700 2819 quam
729 2759 932 2800 suaves
959 2738 1257 2816 exspirans
1284 2747 1476 2794 castus
1502 2738 1707 2796 odores

287 2842 564 2902 Lectulus
588 2839 648 2898 in
676 2837 832 2898 molli
859 2837 1161 2915 complexu
1190 2835 1389 2895 matris
1418 2836 1641 2906 alebat;
