2055 3364
572 216 579 226 ⁴
684 252 1047 303 CATULLUS.
1079 253 1234 300 xm.
1657 257 1732 316 61

164 404 484 463 Funestam
514 414 779 464 antennae
807 405 1099 480 deponant
1126 401 1380 478 undique
1408 411 1646 477 vestem,

164 501 546 578 Candidaque
575 502 769 562 intorti
796 502 1099 560 sustollant
1126 500 1252 557 vela
1279 500 1573 575 rudenteS,
1641 515 1738 572 235

166 597 426 675 {Lucida
452 599 567 674 qua
594 599 899 676 splendent
927 596 1138 656 summi
1167 595 1468 654 carchesia
1493 597 1630 656 mali
1650 599 1694 678 ε]

160 693 615 770 Quamprimum
645 714 891 754 cernens
922 705 981 752 ut
1009 693 1142 750 laeta
1167 691 1384 768 gaudia
1409 703 1602 752 mente

166 792 524 868 Agnoscam,
549 811 685 852 cum
712 802 771 850 te
799 792 1072 850 reducem
1103 798 1240 848 aetas
1267 807 1539 865 prospera
1559 789 1736 849 sistet.

249 886 395 944 Haec
425 887 699 946 mandata
722 887 881 964 prius
909 885 1198 946 constanti
1225 895 1419 944 mente
1447 894 1739 946 tenentem

162 983 422 1056 Thesea,
453 1003 563 1044 ceu
590 984 768 1060 pulsae
797 994 1096 1043 ventorum
1125 983 1358 1042 flamine
1386 982 1574 1042 nubes
1643 995 1740 1048 240

168 1079 411 1138 Aetium
438 1080 592 1138 nivei
620 1082 849 1153 montis,
879 1081 1119 1158 liquere,
1151 1099 1456 1139 cacumen.

168 1177 248 1235 At
274 1187 455 1253 pater,
484 1188 547 1234 ut
576 1179 803 1236 summa
829 1187 1194 1254 prospectum
1221 1196 1296 1236 ex
1325 1195 1460 1234 arce
1484 1175 1738 1252 petebat,

168 1275 362 1336 Anxia
390 1274 447 1332 in
482 1273 739 1333 assiduos
769 1275 1080 1334 absumens
1106 1274 1329 1333 lumina
1355 1273 1543 1345 fletu&

164 1374 317 1430 Cum
344 1369 592 1448 primum
620 1371 804 1429 inflati
834 1371 1136 1448 conspexit
1159 1371 1340 1429 lintea
1362 1370 1494 1441 veli,

163 1468 527 1545 Praecipitem
554 1485 683 1524 sese
710 1467 1077 1544 scopulorum
1104 1485 1138 1524 e
1167 1465 1380 1524 vertice
1402 1463 1566 1542 jecit,
1643 1477 1742 1534 245

164 1565 465 1628 Amissum
494 1564 735 1622 credens
765 1562 971 1622 immiti
993 1563 1240 1626 ‚Thesea
1266 1562 1398 1622 fato.

162 1661 290 1734 Sic,
322 1662 551 1722 funesta
576 1661 779 1721 domus
807 1660 1101 1738 ingressus
1129 1671 1284 1721 tecta
1308 1658 1550 1739 paterna

164 1758 379 1830 Morte,
408 1759 567 1818 ferox
594 1760 881 1831 TheseuS,
912 1757 1141 1834 qualem
1169 1757 1420 1817 Minoidi
1447 1758 1669 1818 luctum

160 1856 493 1927 Obtulerat,
523 1866 717 1915 mente
746 1854 1068 1913 immemori
1095 1855 1270 1913 talem
1295 1856 1418 1932 ipse
1445 1854 1680 1931 recepit.

156 1952 321 2021 Quae
376 1962 498 2011 tum
550 1961 923 2030 prospectans
978 1950 1286 2010 cedentem
1339 1960 1544 2009 moesta
1596 1949 1742 2009 cari-

331 2068 489 2121 nam,
1643 2061 1740 2111 250

167 2146 525 2221 Multiplices
554 2145 746 2203 animo
774 2144 1035 2203 volvebat
1061 2144 1259 2205 saucia
1287 2164 1472 2203 curas.

164 2242 251 2299 At
279 2252 438 2318 parte
469 2262 541 2299 ex
571 2244 683 2299 alia
711 2243 919 2301 florens
948 2243 1218 2301 volitabat
1244 2241 1515 2314 IacchuS,

163 2337 323 2395 Cum
352 2338 539 2396 thiaso
570 2339 921 2413 Satyrorum,
951 2350 1009 2395 et
1037 2338 1350 2415 Nysigenis
1381 2337 1614 2409 silenis,

164 2432 262 2491 Te
280 2453 563 2508 quaerenS,
584 2435 864 2506 Ariadna,
883 2447 1094 2509 tuoque
1113 2434 1388 2491 incensus
1405 2452 1596 2491 amore
1608 2453 1624 2503 ;
1647 2447 1740 2497 254

158 2530 297 2600 Qui
319 2542 441 2587 tum
466 2531 683 2590 alacres
700 2534 911 2607 passim
929 2529 1221 2606 lymphata
1239 2539 1431 2586 mente
1454 2528 1740 2603 furebant,

166 2626 319 2685 Euoe
353 2628 722 2699 bacchantes,
755 2628 922 2696 Euoe,
954 2628 1144 2701 capita
1173 2625 1550 2687 inflectentes,

168 2724 401 2782 Horum
429 2743 561 2800 pars
589 2724 744 2781 tecta
772 2724 1105 2799 quatiebant
1135 2722 1371 2799 cuspide
1400 2725 1622 2800 thyrsos
1645 2744 1661 2794 ;

166 2818 319 2879 Pars
342 2838 379 2881 e
407 2819 630 2881 divulso
656 2820 960 2897 raptabant
988 2819 1244 2879 membra
1264 2821 1548 2898 juvenem
