2055 3364
785 249 1146 298 CATULLUS.
1182 248 1422 296 XXXIX.

558 397 711 458 Alba
738 400 1073 475 parthenice
1101 401 1276 473 velut,

714 498 1034 556 Luteumve
1061 518 1324 576 papaver.

557 596 639 653 At
667 595 869 653 marite
902 595 1013 672 (ita
1041 616 1131 653 me
1156 597 1359 670 juvent

556 691 823 770 Coelites)
854 691 1037 750 nihilo
1060 691 1253 750 minus

556 788 805 847 Pulcher
832 807 916 860 eS,
945 808 1133 864 neque
1162 800 1218 846 te
1248 789 1450 847 Venus

555 884 835 962 Negligit.
920 885 1038 942 Sed
1069 887 1187 942 abit
1214 886 1370 944 dies:

712 981 933 1057 Perge3
977 999 1053 1037 ne
1083 1000 1385 1039 remorare.

556 1075 694 1136 Non
720 1076 821 1133 diu
850 1087 1168 1135 remoratus
1196 1097 1276 1135 es,

488 1189 507 1202 “
554 1173 689 1232 Jam
715 1173 895 1233 venis,
979 1173 1145 1233 Bona
1169 1185 1226 1232 te
1256 1175 1459 1235 Venus

554 1271 591 1329 J
597 1272 796 1345 uverit‚
825 1271 1097 1348 quoniam
1124 1273 1334 1349 palam,

553 1369 733 1432 Quod
762 1369 945 1447 cupis„
976 1369 1155 1446 capis,
1183 1380 1240 1429 et
1274 1372 1489 1430 bonum

714 1463 852 1524 Non
882 1466 1189 1526 abscondis
1217 1487 1484 1527 amorem.

556 1562 665 1620 Ille
690 1560 875 1637 pulvis
905 1561 1180 1638 Erythrii,
1353 1633 1361 1639 ‚

558 1655 939 1731 Siderumque
970 1656 1330 1732 micantium,

559 1754 861 1813 Subducat
886 1772 1191 1813 numerum
1217 1756 1396 1835 priuS,

555 1850 683 1915 Qui
711 1850 885 1908 vostri
912 1870 1216 1911 numerare
1245 1854 1360 1912 volt

714 1945 905 2005 Multa
932 1948 1112 2007 millia
1146 1949 1285 2009 ludi.

556 2044 789 2117 Ludite,
820 2056 884 2103 ut
910 2046 1089 2118 lubet,
1119 2058 1178 2105 et
1207 2049 1365 2107 brevi

558 2141 798 2199 Liberos
826 2142 973 2200 date.
1058 2140 1194 2201 Non
1225 2145 1393 2204 decet

556 2236 714 2295 Tam
742 2247 905 2296 vetus
932 2238 1058 2297 sine
1085 2239 1280 2299 liberis

556 2332 789 2393 Nomen
817 2354 965 2409 esse,
994 2338 1097 2395 sed
1126 2335 1382 2399 indidem

716 2432 957 2511 Semper
985 2434 1331 2513 ingenerari.

557 2528 908 2605 Torquatus,
937 2531 1085 2603 vole,
1111 2534 1379 2609 parvulus

556 2621 763 2682 Matris
788 2645 821 2684 e
849 2626 1070 2703 gremio
1097 2646 1214 2687 suae

554 2716 861 2796 Porrigens
888 2733 1116 2782 teneras
1145 2742 1368 2797 manuS‚

556 2812 746 2875 Dulce
773 2817 958 2879 rideat
985 2822 1058 2880 ad
1085 2831 1325 2899 patrem,

1799 512 1893 562 195

1794 997 1890 1046 200

1797 1482 1892 1532 205

1799 1969 1895 2021 210

1795 2459 1894 2509 215
