2055 3364
702 299 1061 347 CATULLUS.
1092 302 1169 346 lv.

219 446 422 509 Quem
450 448 583 525 plus
605 447 704 507 illa
727 450 910 508 oculis
937 450 1056 509 suis
1084 452 1345 509 amabat:

220 544 381 603 Nam
409 545 664 603 mellitus
690 557 830 620 erat,
861 568 1135 625 suamque
1167 548 1332 607 nfirat

217 639 418 717 Ipsam
447 651 567 699 tam
597 642 765 715 bene,
796 663 964 720 quam
995 644 1187 721 puella
1213 656 1487 705 matrem:

219 736 356 797 Nec
385 757 514 796 sese
545 758 580 797 a
603 740 824 815 gremio
852 740 1003 797 illius
1031 741 1329 813 movebat3

219 834 342 892 Sed
373 834 796 893 circumsiliens
823 836 992 895 modo
1021 837 1158 909 huc,
1187 838 1357 897 modo
1385 837 1540 911 illuc,

217 932 322 989 Ad
352 932 531 989 solam
561 931 849 990 dominam
879 952 1059 1009 usque
1085 934 1379 1011 pipilabat.

215 1027 351 1090 Qui
377 1047 537 1086 nunc
567 1028 629 1101 it,
656 1048 756 1106 per
785 1028 893 1087 iter
921 1031 1366 1104 tenebricosum,

216 1125 396 1197 Illuc,
427 1125 580 1183 unde
608 1135 826 1203 negant
853 1126 1042 1185 redire
1069 1146 1433 1203 quemquam.

214 1223 304 1281 At
333 1222 494 1280 vobis
521 1222 670 1279 male
699 1222 791 1295 sit,
821 1223 986 1281 malae
1013 1223 1269 1281 tenebrae

214 1318 388 1391 Orci,
411 1338 538 1394 quae
563 1319 759 1377 omnia
783 1320 934 1379 bella
961 1320 1277 1378 devoratis!

211 1411 376 1488 Tam
404 1416 616 1474 bellum
644 1416 786 1474 mihi
812 1436 1105 1492 passerem
1140 1416 1483 1474 abstulistis!

213 1511 273 1570 Ο
307 1512 524 1569 factum
551 1509 733 1568 male!
785 1510 844 1568 Ο
871 1510 1091 1569 miselle
1119 1513 1347 1588 passer!

215 1607 361 1667 Tua
387 1626 546 1666 nunc
572 1605 747 1684 operti
773 1626 917 1665 meae
944 1608 1149 1686 puellae

215 1705 446 1766 Flendo
471 1703 747 1783 turgiduli
773 1706 982 1764 rubent
1008 1705 1194 1765 ocelli.

665 1967 1026 2029 CARMEN
1068 1969 1174 2028 IV.

618 2119 935 2188 Dedicatt'o
962 2128 1228 2188 Phaseli.

214 2286 496 2345 Phaselus
521 2286 637 2360 ille,
664 2307 835 2363 quem
866 2287 1089 2359 videtiS,
1118 2287 1389 2364 hospites,

216 2382 324 2441 Ait
353 2381 526 2442 fuisse
556 2384 785 2442 navium
816 2383 1171 2455 celerrimae,

217 2478 426 2555 Neque
455 2479 626 2537 ullius
653 2479 906 2537 natantis
931 2479 1208 2556 impetum
1236 2478 1414 2537 trabis

214 2574 502 2651 Nequisse
528 2575 836 2653 praeterire,
866 2575 984 2634 sive
1012 2575 1280 2651 palmulis

217 2671 384 2748 Opus
411 2671 555 2730 soret
581 2671 790 2742 volare,
818 2671 936 2728 sive
965 2671 1160 2728 linteo.

219 2766 296 2825 Et
322 2769 434 2826 hoc
463 2778 638 2845 negat
663 2767 908 2826 minacis
935 2765 1225 2825 Adriatici

214 2863 449 2944 Negare
476 2864 630 2938 litus,
657 2864 944 2924 insulasve
972 2862 1281 2940 Cycladas,
1340 2901 1345 2906 -

1650 950 1713 1001 10

1646 1435 1707 1485 15
