2055 3364
307 266 389 325 ω
783 246 1145 316 CAT‘ULLUS.
1184 268 1405 317 xnvm.

767 507 1130 567 CARMEN
1182 507 1440 567 XLVII.

883 668 991 726 Ad
1015 669 1306 727 Lesbiam.

309 824 566 884 Dicebas
591 828 900 905 quondam,
931 828 1117 885 solum
1144 838 1201 885 te
1228 826 1401 886 n6sse
1430 827 1743 900 Catullum,

388 905 637 993 Lesbia3
681 943 811 996 neo,
841 944 959 999 prae
989 944 1103 995 me,
1132 924 1278 981 velle
1306 934 1503 982 tenere
1532 922 1755 982 Jovem.

308 1018 502 1077 Dilexi
531 1029 653 1075 tum
681 1030 759 1090 te,
788 1038 904 1076 non
935 1029 1159 1077 tantum
1189 1030 1254 1078 ut
1278 1021 1479 1096 volgus
1510 1020 1780 1092 amicam,

391 1115 508 1173 Sed
536 1125 700 1192 pater
726 1125 789 1173 ut
815 1126 982 1175 natos
1009 1115 1198 1194 diligit
1225 1127 1283 1175 et
1310 1134 1570 1194 generoe.

308 1211 369 1272 N
374 1232 488 1271 unc
517 1223 574 1271 te
596 1214 859 1291 cognovi.
941 1216 1168 1287 Quare,
1197 1215 1305 1273 etsi
1327 1213 1645 1292 impensius
1666 1232 1823 1289 uror,
1858 1230 1895 1279 5

389 1309 580 1370 Multo
605 1311 686 1369 mi
714 1322 909 1371 tamen
939 1332 1003 1371 es
1030 1312 1195 1372 vilior
1219 1324 1279 1371 et
1303 1312 1499 1371 levior.

306 1407 435 1471 Qui
461 1406 611 1486 potis
637 1410 770 1467 est?
819 1409 1027 1486 inquis,
1110 1408 1291 1473 Quod
1340 1418 1631 1467 amantem
1668 1406 1898 1487 injuria

466 1505 597 1564 talis

387 1602 561 1679 Cogit
591 1620 783 1661 amare
809 1604 1016 1681 magist,
1046 1604 1149 1662 sed
1176 1604 1325 1662 bene
1356 1606 1500 1664 velle
1527 1604 1737 1665 minus.

745 1861 1110 1922 CARMEN
1150 1864 1451 1930 XLVIII..

872 2023 950 2079 In
976 2024 1305 2100 Ingratum.

307 2178 528 2240 Desine
556 2180 630 2239 de
655 2199 942 2256 quoquam
970 2181 1284 2258 quidquam
1311 2183 1461 2241 bene
1484 2184 1631 2241 velle
1654 2183 1891 2256 mereri,

388 2279 512 2336 Aut
539 2274 784 2353 aliquem
815 2275 939 2334 fieri
967 2296 1133 2353 posse
1163 2288 1362 2354 putare
1390 2280 1565 2356 pium.

307 2372 526 2432 Omnia
553 2386 689 2432 sunt
718 2375 977 2451 ingrata:
1019 2375 1163 2432 nihil
1194 2376 1399 2433 fecisse
1431 2377 1682 2453 benigne
1710 2386 1800 2434 est
1826 2397 1839 2434 :

388 2471 574 2530 Immo
599 2472 774 2530 etiam
805 2471 999 2542 taedet,
1027 2471 1201 2530 taedet
1228 2471 1502 2548 obestque
1530 2473 1749 2548 magis3

303 2565 384 2626 Ut
418 2567 582 2642 mihi,
625 2587 798 2643 quem
840 2568 1283 2646 nemo.gravius
1332 2587 1443 2626 neo
1486 2568 1752 2627 acerbius
1796 2591 1891 2628 ur-

467 2671 586 2741 get,
1854 2684 1890 2730 5

381 2759 583 2824 Quam
638 2764 808 2820 modo
864 2764 962 2840 qui
1018 2783 1111 2822 me
1168 2781 1348 2822 unum
1416 2773 1586 2840 atque
1640 2764 1885 2823 unicum

467 2858 720 2917 amioum
749 2859 967 2918 habuit.
1090 2857 1101 2867 ⁹
1808 2876 1813 2884 '
