2055 3364
711 238 1070 315 οᾼτυιιυε.
1098 216 1278 307 xxiv.
1619 287 1627 298 ,
1691 248 1773 307 23

603 456 610 461 ’
667 458 1027 520 CARMEN
1070 458 1312 521 XXIII.

519 617 627 676 Ad
649 618 986 679 Sirmionem
1013 620 1431 707 chninsulam.

196 768 680 851 Paeninsularun'i,
709 777 942 850 Si'rmi0,
973 777 1403 856 insularumque

187 872 424 946 Ocella,
452 890 846 951 quascumque
872 876 932 934 in
959 876 1311 952 liquentibus
1338 876 1577 955 stagnis,

193 970 468 1047 Matique
495 982 672 1044 vasto,
703 972 811 1031 sert
838 984 1076 1050 uterque
1105 974 1450 1053 Neptunus!

183 1069 401 1133 Quam
429 1078 486 1127 te
514 1069 778 1142 libenter,
807 1090 1093 1149 quamque
1119 1073 1303 1145 laetuS,
1332 1071 1549 1131 inviso!

193 1169 320 1227 'Vix
347 1168 428 1226 mi
457 1169 578 1244 ipse
605 1167 869 1241 eredens,
893 1170 1189 1245 Thyniam
1218 1182 1387 1247 atque
1416 1169 1697 1246 Bithynos
1744 1184 1777 1232 5

197 1265 468 1340 Liquisse
497 1284 752 1342 campoe,
783 1276 840 1324 et
869 1267 1063 1325 videre
1085 1278 1143 1325 te
1170 1267 1231 1325 in
1260 1277 1399 1327 tuto·

187 1359 291 1419 0!
335 1360 472 1436 quid
501 1358 700 1446 solutis
727 1372 815 1419 est
842 1362 1069 1419 beatius
1098 1362 1253 1419 curis
1272 1363 1299 1419 'i

191 1459 356 1517 Cum
384 1477 550 1516 mens
578 1477 727 1516 onus
754 1458 999 1533 reponit,
1032 1476 1101 1515 ao
1128 1458 1435 1535 peregrino

193 1551 427 1615 Labore
451 1554 587 1614 fessi
617 1554 876 1625 venimus
897 1555 1074 1615 larem
1105 1557 1175 1614 ad
1204 1568 1482 1631 nostrum,

199 1652 656 1730 Desideratoque
686 1652 1107 1730 acquieseimus
1142 1654 1311 1716 lecto.
1711 1671 1773 1720 10

199 1749 336 1810 Hoc
363 1760 470 1822 est,
499 1750 650 1827 quod
681 1771 858 1809 unum
887 1762 975 1808 est
1003 1771 1104 1828 pro
1130 1752 1421 1815 laboribus
1446 1753 1639 1813 tantis.

197 1850 392 1922 Salve,
421 1869 456 1909 o
486 1859 726 1907 venusta
753 1847 1005 1908 Sirmio!
1050 1861 1217 1924 atque
1246 1851 1385 1909 hero
1410 1853 1634 1928 gaude:

196 1946 465 2005 Gaudete
493 1965 722 2022 vosque,
753 1946 955 2022 Lydiae
984 1945 1150 2003 lacus
1178 1947 1389 2005 undae:

199 2033 439 2117 Ridet'e‚
467 2042 742 2120 quidquid
771 2050 859 2100 est
886 2042 1044 2100 domi
1072 2041 1508 2103 cachinnorum.

664 2300 1026 2359 CARMEN
1068 2299 1302 2362 XXIV.

777 2460 885 2518 Ad
911 2459 1196 2518 Dianam.

439 2616 646 2676 Dianae
676 2635 876 2676 sumus
903 2615 964 2676 in
994 2617 1110 2676 fide

436 2714 672 2789 Puellae,
700 2725 760 2773 et
786 2714 950 2792 pueri
981 2713 1230 2792 integri:

438 2812 691 2872 Dianam
719 2812 883 2892 pueri
911 2812 1143 2892 integri,

399 2950 404 2956 ·
518 2909 866 2986 Puellaeque,
895 2928 1191 2971 canamus
