<?xml version="1.0" encoding="UTF-8"?>
<!DOCTYPE html PUBLIC "-//W3C//DTD XHTML 1.0 Transitional//EN"
    "http://www.w3.org/TR/xhtml1/DTD/xhtml1-transitional.dtd">
<html xmlns="http://www.w3.org/1999/xhtml" xml:lang="en" lang="en">
 <head>
  <title>
</title>
<meta http-equiv="Content-Type" content="text/html;charset=utf-8" />
  <meta name='ocr-system' content='tesseract 3.04.00' />
  <meta name='ocr-capabilities' content='ocr_page ocr_carea ocr_par ocr_line ocrx_word'/>
</head>
<body>
  <div class='ocr_page' id='page_1' title='image "./poemscatullusse01hubbgoog_0034.png"; bbox 0 0 2055 3364; ppageno 0'>
   <div class='ocr_carea' id='block_1_1' title="bbox 301 276 1341 343">
    <p class='ocr_par' dir='ltr' id='par_1_1' title="bbox 301 276 1341 343">
     <span class='ocr_line' id='line_1_1' title="bbox 301 276 1341 343; baseline 0.004 -23"><span class='ocrx_word' id='word_1_1' title='bbox 301 282 377 343; x_wconf 76' lang='lat'><strong>13</strong></span> <span class='ocrx_word' id='word_1_2' title='bbox 821 276 1182 324; x_wconf 71' lang='lat' dir='ltr'><strong>CATULLUS.</strong></span> <span class='ocrx_word' id='word_1_3' title='bbox 1210 277 1341 324; x_wconf 79' lang='lat' dir='ltr'><strong>xvr.</strong></span> 
     </span>
    </p>
   </div>
   <div class='ocr_carea' id='block_1_2' title="bbox 375 426 1881 993">
    <p class='ocr_par' dir='ltr' id='par_1_2' title="bbox 375 426 1653 703">
     <span class='ocr_line' id='line_1_2' title="bbox 376 426 1484 511; baseline -0.004 -20"><span class='ocrx_word' id='word_1_4' title='bbox 376 431 644 507; x_wconf 83' lang='lat' dir='ltr'><strong>Meisque</strong></span> <span class='ocrx_word' id='word_1_5' title='bbox 667 426 900 507; x_wconf 82' lang='lat' dir='ltr'><strong>pinguis</strong></span> <span class='ocrx_word' id='word_1_6' title='bbox 927 443 1113 511; x_wconf 80' lang='lat' dir='ltr'><strong>agnus</strong></span> <span class='ocrx_word' id='word_1_7' title='bbox 1136 447 1213 487; x_wconf 82' lang='lat' dir='ltr'><strong>ex</strong></span> <span class='ocrx_word' id='word_1_8' title='bbox 1238 427 1484 490; x_wconf 82' lang='lat' dir='ltr'><strong>ovilibus</strong></span> 
     </span>
     <span class='ocr_line' id='line_1_3' title="bbox 375 526 1653 599; baseline -0.005 -8"><span class='ocrx_word' id='word_1_9' title='bbox 375 528 886 594; x_wconf 80' lang='lat' dir='ltr'><strong>Gravemdomum</strong></span> <span class='ocrx_word' id='word_1_10' title='bbox 913 526 1153 585; x_wconf 78' lang='lat' dir='ltr'>remittit</span> <span class='ocrx_word' id='word_1_11' title='bbox 1180 546 1291 585; x_wconf 81' lang='lat' dir='ltr'><strong>aere</strong></span> <span class='ocrx_word' id='word_1_12' title='bbox 1320 527 1653 599; x_wconf 79' lang='lat' dir='ltr'><strong>dexteram3</strong></span> 
     </span>
     <span class='ocr_line' id='line_1_4' title="bbox 377 624 1575 703; baseline -0.003 -16"><span class='ocrx_word' id='word_1_13' title='bbox 377 627 746 703; x_wconf 75' lang='lat' dir='ltr'><strong>Teneraque,</strong></span> <span class='ocrx_word' id='word_1_14' title='bbox 775 633 958 683; x_wconf 85' lang='lat' dir='ltr'><strong>matre</strong></span> <span class='ocrx_word' id='word_1_15' title='bbox 985 624 1303 701; x_wconf 80' lang='lat' dir='ltr'><strong>mugiente,</strong></span> <span class='ocrx_word' id='word_1_16' title='bbox 1329 625 1575 683; x_wconf 75' lang='lat' dir='ltr'><strong>vaccula</strong></span> 
     </span>
    </p>

    <p class='ocr_par' dir='ltr' id='par_1_3' title="bbox 377 721 1881 993">
     <span class='ocr_line' id='line_1_5' title="bbox 378 721 1881 801; baseline 0 -16"><span class='ocrx_word' id='word_1_17' title='bbox 378 726 570 785; x_wconf 68' lang='lat' dir='ltr'><strong>Deam</strong></span> <span class='ocrx_word' id='word_1_18' title='bbox 600 721 895 801; x_wconf 84' lang='lat' dir='ltr'><strong>profundit</strong></span> <span class='ocrx_word' id='word_1_19' title='bbox 921 732 1057 781; x_wconf 80' lang='lat' dir='ltr'><strong>ante</strong></span> <span class='ocrx_word' id='word_1_20' title='bbox 1084 722 1299 799; x_wconf 62' lang='lat' dir='ltr'><strong>templs</strong></span> <span class='ocrx_word' id='word_1_21' title='bbox 1325 721 1685 799; x_wconf 79' lang='lat' dir='ltr'><strong>sanguinem.</strong></span> <span class='ocrx_word' id='word_1_22' title='bbox 1808 734 1881 785; x_wconf 84' lang='lat'><strong>15</strong></span> 
     </span>
     <span class='ocr_line' id='line_1_6' title="bbox 377 818 1565 893; baseline -0.003 -12"><span class='ocrx_word' id='word_1_23' title='bbox 377 822 593 893; x_wconf 85' lang='lat' dir='ltr'><strong>Proin’,</strong></span> <span class='ocrx_word' id='word_1_24' title='bbox 621 819 822 891; x_wconf 80' lang='lat' dir='ltr'><strong>viator,</strong></span> <span class='ocrx_word' id='word_1_25' title='bbox 851 819 1008 877; x_wconf 85' lang='lat' dir='ltr'><strong>hunc</strong></span> <span class='ocrx_word' id='word_1_26' title='bbox 1038 818 1229 877; x_wconf 86' lang='lat' dir='ltr'><strong>Deum</strong></span> <span class='ocrx_word' id='word_1_27' title='bbox 1259 818 1565 893; x_wconf 61' lang='lat' dir='ltr'><strong>vacheria,</strong></span> 
     </span>
     <span class='ocr_line' id='line_1_7' title="bbox 379 915 1275 993; baseline -0.003 -16"><span class='ocrx_word' id='word_1_28' title='bbox 379 918 736 993; x_wconf 82' lang='lat' dir='ltr'><strong>Manumque</strong></span> <span class='ocrx_word' id='word_1_29' title='bbox 763 934 984 975; x_wconf 84' lang='lat' dir='ltr'><strong>sorsum</strong></span> <span class='ocrx_word' id='word_1_30' title='bbox 1015 915 1275 975; x_wconf 78' lang='lat' dir='ltr'><strong>habebis.</strong></span> 
     </span>
    </p>
   </div>
   <div class='ocr_carea' id='block_1_3' title="bbox 781 1170 1357 1391">
    <p class='ocr_par' dir='ltr' id='par_1_4' title="bbox 781 1170 1357 1391">
     <span class='ocr_line' id='line_1_8' title="bbox 781 1170 1357 1231; baseline 0 -1"><span class='ocrx_word' id='word_1_31' title='bbox 781 1170 1146 1230; x_wconf 87' lang='lat' dir='ltr'><strong>CARMEN</strong></span> <span class='ocrx_word' id='word_1_32' title='bbox 1186 1170 1357 1231; x_wconf 86' lang='lat' dir='ltr'><strong>XVI.</strong></span> 
     </span>
     <span class='ocr_line' id='line_1_9' title="bbox 880 1330 1289 1391; baseline 0.005 -3"><span class='ocrx_word' id='word_1_33' title='bbox 880 1330 988 1388; x_wconf 80' lang='lat' dir='ltr'><strong>Ad</strong></span> <span class='ocrx_word' id='word_1_34' title='bbox 1023 1330 1289 1391; x_wconf 82' lang='lat' dir='ltr'><strong>Varrum.</strong></span> 
     </span>
    </p>
   </div>
   <div class='ocr_carea' id='block_1_4' title="bbox 223 1489 1881 3028">
    <p class='ocr_par' dir='ltr' id='par_1_5' title="bbox 304 1489 1567 1567">
     <span class='ocr_line' id='line_1_10' title="bbox 304 1489 1567 1567; baseline -0.002 -15"><span class='ocrx_word' id='word_1_35' title='bbox 304 1494 577 1553; x_wconf 83' lang='lat' dir='ltr'><strong>Suffenus</strong></span> <span class='ocrx_word' id='word_1_36' title='bbox 605 1491 731 1561; x_wconf 86' lang='lat' dir='ltr'><strong>iste,</strong></span> <span class='ocrx_word' id='word_1_37' title='bbox 762 1492 965 1563; x_wconf 81' lang='lat' dir='ltr'><strong>Varre,</strong></span> <span class='ocrx_word' id='word_1_38' title='bbox 988 1511 1161 1567; x_wconf 87' lang='lat' dir='ltr'><strong>quem</strong></span> <span class='ocrx_word' id='word_1_39' title='bbox 1189 1490 1365 1567; x_wconf 85' lang='lat' dir='ltr'>probe</span> <span class='ocrx_word' id='word_1_40' title='bbox 1393 1489 1567 1563; x_wconf 66' lang='lat' dir='ltr'><strong>misti,</strong></span> 
     </span>
    </p>

    <p class='ocr_par' dir='ltr' id='par_1_6' title="bbox 302 1586 1644 1762">
     <span class='ocr_line' id='line_1_11' title="bbox 305 1586 1644 1659; baseline -0.001 -12"><span class='ocrx_word' id='word_1_41' title='bbox 305 1590 496 1647; x_wconf 91' lang='lat' dir='ltr'>Homo</span> <span class='ocrx_word' id='word_1_42' title='bbox 525 1597 610 1645; x_wconf 87' lang='lat' dir='ltr'><strong>est</strong></span> <span class='ocrx_word' id='word_1_43' title='bbox 638 1597 932 1659; x_wconf 73' lang='lat' dir='ltr'><strong>venustae,</strong></span> <span class='ocrx_word' id='word_1_44' title='bbox 961 1596 1019 1643; x_wconf 89' lang='lat' dir='ltr'><strong>et</strong></span> <span class='ocrx_word' id='word_1_45' title='bbox 1048 1586 1239 1657; x_wconf 84' lang='lat' dir='ltr'><strong>dicax,</strong></span> <span class='ocrx_word' id='word_1_46' title='bbox 1270 1597 1329 1643; x_wconf 88' lang='lat' dir='ltr'><strong>et</strong></span> <span class='ocrx_word' id='word_1_47' title='bbox 1357 1588 1644 1659; x_wconf 81' lang='lat' dir='ltr'><strong>urbanus;</strong></span> 
     </span>
     <span class='ocr_line' id='line_1_12' title="bbox 302 1682 1489 1762; baseline -0.003 -16"><span class='ocrx_word' id='word_1_48' title='bbox 302 1688 580 1762; x_wconf 85' lang='lat' dir='ltr'><strong>Idemque</strong></span> <span class='ocrx_word' id='word_1_49' title='bbox 607 1685 778 1762; x_wconf 87' lang='lat' dir='ltr'><strong>longe</strong></span> <span class='ocrx_word' id='word_1_50' title='bbox 805 1682 1081 1760; x_wconf 88' lang='lat' dir='ltr'><strong>plurimos</strong></span> <span class='ocrx_word' id='word_1_51' title='bbox 1109 1682 1247 1741; x_wconf 84' lang='lat' dir='ltr'><strong>facit</strong></span> <span class='ocrx_word' id='word_1_52' title='bbox 1276 1702 1489 1742; x_wconf 77' lang='lat' dir='ltr'><strong>versus·</strong></span> 
     </span>
    </p>

    <p class='ocr_par' dir='ltr' id='par_1_7' title="bbox 300 1781 1880 2052">
     <span class='ocr_line' id='line_1_13' title="bbox 303 1781 1731 1860; baseline -0.001 -16"><span class='ocrx_word' id='word_1_53' title='bbox 303 1785 452 1844; x_wconf 90' lang='lat' dir='ltr'><strong>Puto</strong></span> <span class='ocrx_word' id='word_1_54' title='bbox 480 1802 608 1842; x_wconf 83' lang='lat' dir='ltr'><strong>esse</strong></span> <span class='ocrx_word' id='word_1_55' title='bbox 634 1802 744 1860; x_wconf 84' lang='lat' dir='ltr'><strong>ego</strong></span> <span class='ocrx_word' id='word_1_56' title='bbox 771 1782 852 1840; x_wconf 88' lang='lat' dir='ltr'><strong>illi</strong></span> <span class='ocrx_word' id='word_1_57' title='bbox 876 1781 1057 1840; x_wconf 78' lang='lat' dir='ltr'><strong>millia</strong></span> <span class='ocrx_word' id='word_1_58' title='bbox 1083 1791 1183 1839; x_wconf 77' lang='lat' dir='ltr'><strong>aut</strong></span> <span class='ocrx_word' id='word_1_59' title='bbox 1208 1781 1411 1840; x_wconf 86' lang='lat' dir='ltr'><strong>decem</strong></span> <span class='ocrx_word' id='word_1_60' title='bbox 1442 1791 1541 1840; x_wconf 84' lang='lat' dir='ltr'><strong>aut</strong></span> <span class='ocrx_word' id='word_1_61' title='bbox 1566 1783 1731 1859; x_wconf 73' lang='lat' dir='ltr'><strong>plura</strong></span> 
     </span>
     <span class='ocr_line' id='line_1_14' title="bbox 303 1877 1880 1960; baseline -0.002 -19"><span class='ocrx_word' id='word_1_62' title='bbox 303 1881 659 1960; x_wconf 81' lang='lat' dir='ltr'><strong>Perscripta3</strong></span> <span class='ocrx_word' id='word_1_63' title='bbox 703 1899 815 1939; x_wconf 87' lang='lat' dir='ltr'><strong>nec</strong></span> <span class='ocrx_word' id='word_1_64' title='bbox 843 1879 948 1950; x_wconf 87' lang='lat' dir='ltr'><strong>sic,</strong></span> <span class='ocrx_word' id='word_1_65' title='bbox 977 1887 1042 1936; x_wconf 89' lang='lat' dir='ltr'><strong>ut</strong></span> <span class='ocrx_word' id='word_1_66' title='bbox 1068 1878 1152 1950; x_wconf 85' lang='lat' dir='ltr'><strong>fit,</strong></span> <span class='ocrx_word' id='word_1_67' title='bbox 1182 1877 1242 1936; x_wconf 84' lang='lat' dir='ltr'><strong>in</strong></span> <span class='ocrx_word' id='word_1_68' title='bbox 1268 1877 1637 1956; x_wconf 79' lang='lat' dir='ltr'><strong>palimpsesto</strong></span> <span class='ocrx_word' id='word_1_69' title='bbox 1842 1896 1880 1944; x_wconf 87' lang='lat'>5</span> 
     </span>
     <span class='ocr_line' id='line_1_15' title="bbox 300 1974 1374 2052; baseline -0.005 -15"><span class='ocrx_word' id='word_1_70' title='bbox 300 1979 555 2038; x_wconf 75' lang='lat' dir='ltr'><strong>Relata:</strong></span> <span class='ocrx_word' id='word_1_71' title='bbox 586 1978 800 2036; x_wconf 77' lang='lat' dir='ltr'><strong>chartae</strong></span> <span class='ocrx_word' id='word_1_72' title='bbox 827 1976 1026 2052; x_wconf 85' lang='lat' dir='ltr'><strong>regiae,</strong></span> <span class='ocrx_word' id='word_1_73' title='bbox 1058 1974 1191 2034; x_wconf 90' lang='lat' dir='ltr'><strong>novi</strong></span> <span class='ocrx_word' id='word_1_74' title='bbox 1218 1974 1374 2050; x_wconf 84' lang='lat' dir='ltr'><strong>libri,</strong></span> 
     </span>
    </p>

    <p class='ocr_par' dir='ltr' id='par_1_8' title="bbox 303 2072 1495 2144">
     <span class='ocr_line' id='line_1_16' title="bbox 303 2072 1495 2144; baseline -0.003 -10"><span class='ocrx_word' id='word_1_75' title='bbox 303 2075 458 2134; x_wconf 85' lang='lat' dir='ltr'><strong>Novi</strong></span> <span class='ocrx_word' id='word_1_76' title='bbox 485 2074 766 2144; x_wconf 79' lang='lat' dir='ltr'><strong>umbilici,</strong></span> <span class='ocrx_word' id='word_1_77' title='bbox 793 2074 915 2131; x_wconf 83' lang='lat' dir='ltr'><strong>lora</strong></span> <span class='ocrx_word' id='word_1_78' title='bbox 940 2072 1134 2142; x_wconf 84' lang='lat' dir='ltr'><strong>rubra,</strong></span> <span class='ocrx_word' id='word_1_79' title='bbox 1158 2072 1495 2131; x_wconf 82' lang='lat' dir='ltr'><strong>membrana</strong></span> 
     </span>
    </p>

    <p class='ocr_par' dir='ltr' id='par_1_9' title="bbox 304 2168 1660 2247">
     <span class='ocr_line' id='line_1_17' title="bbox 304 2168 1660 2247; baseline -0.004 -16"><span class='ocrx_word' id='word_1_80' title='bbox 304 2173 546 2231; x_wconf 80' lang='lat' dir='ltr'><strong>Directa</strong></span> <span class='ocrx_word' id='word_1_81' title='bbox 571 2169 825 2247; x_wconf 89' lang='lat' dir='ltr'><strong>plumbo,</strong></span> <span class='ocrx_word' id='word_1_82' title='bbox 853 2177 912 2226; x_wconf 88' lang='lat' dir='ltr'><strong>et</strong></span> <span class='ocrx_word' id='word_1_83' title='bbox 938 2168 1173 2244; x_wconf 79' lang='lat' dir='ltr'><strong>pumice</strong></span> <span class='ocrx_word' id='word_1_84' title='bbox 1198 2169 1395 2227; x_wconf 82' lang='lat' dir='ltr'><strong>omnia</strong></span> <span class='ocrx_word' id='word_1_85' title='bbox 1423 2178 1660 2244; x_wconf 80' lang='lat' dir='ltr'><strong>aequata.</strong></span> 
     </span>
    </p>

    <p class='ocr_par' dir='ltr' id='par_1_10' title="bbox 304 2265 1879 2639">
     <span class='ocr_line' id='line_1_18' title="bbox 306 2265 1677 2345; baseline -0.002 -17"><span class='ocrx_word' id='word_1_86' title='bbox 306 2271 454 2330; x_wconf 82' lang='lat' dir='ltr'><strong>Haec</strong></span> <span class='ocrx_word' id='word_1_87' title='bbox 483 2288 618 2328; x_wconf 88' lang='lat' dir='ltr'><strong>cum</strong></span> <span class='ocrx_word' id='word_1_88' title='bbox 644 2269 824 2345; x_wconf 81' lang='lat' dir='ltr'><strong>legas,</strong></span> <span class='ocrx_word' id='word_1_89' title='bbox 853 2276 974 2323; x_wconf 86' lang='lat' dir='ltr'><strong>tum</strong></span> <span class='ocrx_word' id='word_1_90' title='bbox 1003 2265 1187 2323; x_wconf 88' lang='lat' dir='ltr'><strong>bellus</strong></span> <span class='ocrx_word' id='word_1_91' title='bbox 1216 2265 1310 2323; x_wconf 86' lang='lat' dir='ltr'><strong>ille</strong></span> <span class='ocrx_word' id='word_1_92' title='bbox 1338 2277 1397 2323; x_wconf 87' lang='lat' dir='ltr'><strong>et</strong></span> <span class='ocrx_word' id='word_1_93' title='bbox 1423 2266 1677 2325; x_wconf 81' lang='lat' dir='ltr'><strong>urbanus</strong></span> 
     </span>
     <span class='ocr_line' id='line_1_19' title="bbox 307 2362 1879 2440; baseline -0.004 -13"><span class='ocrx_word' id='word_1_94' title='bbox 307 2367 600 2439; x_wconf 74' lang='lat' dir='ltr'><strong>SuffenuS,</strong></span> <span class='ocrx_word' id='word_1_95' title='bbox 631 2383 782 2424; x_wconf 84' lang='lat' dir='ltr'><strong>unus</strong></span> <span class='ocrx_word' id='word_1_96' title='bbox 809 2362 1198 2440; x_wconf 77' lang='lat' dir='ltr'><strong>caprimulgus</strong></span> <span class='ocrx_word' id='word_1_97' title='bbox 1228 2374 1326 2420; x_wconf 82' lang='lat' dir='ltr'><strong>aut</strong></span> <span class='ocrx_word' id='word_1_98' title='bbox 1352 2363 1530 2422; x_wconf 67' lang='lat' dir='ltr'><strong>fossor</strong></span> <span class='ocrx_word' id='word_1_99' title='bbox 1814 2379 1879 2428; x_wconf 87' lang='lat'><strong>10</strong></span> 
     </span>
     <span class='ocr_line' id='line_1_20' title="bbox 304 2459 1735 2533; baseline -0.003 -9"><span class='ocrx_word' id='word_1_100' title='bbox 304 2465 536 2524; x_wconf 86' lang='lat' dir='ltr'><strong>Rursus</strong></span> <span class='ocrx_word' id='word_1_101' title='bbox 563 2461 824 2522; x_wconf 84' lang='lat' dir='ltr'><strong>videtur:</strong></span> <span class='ocrx_word' id='word_1_102' title='bbox 865 2470 1089 2518; x_wconf 80' lang='lat' dir='ltr'><strong>tantum</strong></span> <span class='ocrx_word' id='word_1_103' title='bbox 1122 2459 1407 2533; x_wconf 77' lang='lat' dir='ltr'><strong>abhorret,</strong></span> <span class='ocrx_word' id='word_1_104' title='bbox 1439 2479 1509 2518; x_wconf 80' lang='lat' dir='ltr'><strong>ac</strong></span> <span class='ocrx_word' id='word_1_105' title='bbox 1536 2468 1735 2519; x_wconf 79' lang='lat' dir='ltr'><strong>mutat.</strong></span> 
     </span>
     <span class='ocr_line' id='line_1_21' title="bbox 307 2555 1676 2639; baseline -0.004 -19"><span class='ocrx_word' id='word_1_106' title='bbox 307 2563 441 2621; x_wconf 94' lang='lat' dir='ltr'><strong>Hoc</strong></span> <span class='ocrx_word' id='word_1_107' title='bbox 467 2561 603 2639; x_wconf 87' lang='lat' dir='ltr'><strong>quid</strong></span> <span class='ocrx_word' id='word_1_108' title='bbox 630 2569 898 2639; x_wconf 83' lang='lat' dir='ltr'><strong>putemus</strong></span> <span class='ocrx_word' id='word_1_109' title='bbox 924 2559 1097 2617; x_wconf 67' lang='lat' dir='ltr'><strong>esse?</strong></span> <span class='ocrx_word' id='word_1_110' title='bbox 1137 2557 1235 2634; x_wconf 91' lang='lat' dir='ltr'><strong>qui</strong></span> <span class='ocrx_word' id='word_1_111' title='bbox 1263 2555 1432 2617; x_wconf 87' lang='lat' dir='ltr'><strong>modo</strong></span> <span class='ocrx_word' id='word_1_112' title='bbox 1459 2575 1676 2632; x_wconf 83' lang='lat' dir='ltr'><strong>scurra,</strong></span> 
     </span>
    </p>

    <p class='ocr_par' dir='ltr' id='par_1_11' title="bbox 305 2656 1457 2736">
     <span class='ocr_line' id='line_1_22' title="bbox 305 2656 1457 2736; baseline -0.004 -18"><span class='ocrx_word' id='word_1_113' title='bbox 305 2661 431 2719; x_wconf 87' lang='lat' dir='ltr'><strong>Aut</strong></span> <span class='ocrx_word' id='word_1_114' title='bbox 457 2659 643 2736; x_wconf 87' lang='lat' dir='ltr'><strong>siquid</strong></span> <span class='ocrx_word' id='word_1_115' title='bbox 672 2661 786 2717; x_wconf 81' lang='lat' dir='ltr'><strong>hac</strong></span> <span class='ocrx_word' id='word_1_116' title='bbox 810 2676 871 2716; x_wconf 86' lang='lat' dir='ltr'><strong>re</strong></span> <span class='ocrx_word' id='word_1_117' title='bbox 899 2657 1110 2731; x_wconf 86' lang='lat' dir='ltr'><strong>tritius,</strong></span> <span class='ocrx_word' id='word_1_118' title='bbox 1138 2656 1457 2728; x_wconf 82' lang='lat' dir='ltr'><strong>videbatur,</strong></span> 
     </span>
    </p>

    <p class='ocr_par' dir='ltr' id='par_1_12' title="bbox 307 2754 1335 2826">
     <span class='ocr_line' id='line_1_23' title="bbox 307 2754 1335 2826; baseline -0.006 -9"><span class='ocrx_word' id='word_1_119' title='bbox 307 2759 474 2818; x_wconf 89' lang='lat' dir='ltr'><strong>Idem</strong></span> <span class='ocrx_word' id='word_1_120' title='bbox 503 2756 737 2815; x_wconf 88' lang='lat' dir='ltr'><strong>inficeto</strong></span> <span class='ocrx_word' id='word_1_121' title='bbox 761 2765 851 2814; x_wconf 84' lang='lat' dir='ltr'><strong>est</strong></span> <span class='ocrx_word' id='word_1_122' title='bbox 877 2754 1163 2814; x_wconf 87' lang='lat' dir='ltr'><strong>inficetior</strong></span> <span class='ocrx_word' id='word_1_123' title='bbox 1184 2772 1335 2826; x_wconf 87' lang='lat' dir='ltr'><strong>rure,</strong></span> 
     </span>
    </p>

    <p class='ocr_par' dir='ltr' id='par_1_13' title="bbox 223 2848 1881 3028">
     <span class='ocr_line' id='line_1_24' title="bbox 309 2848 1881 2931; baseline -0.003 -19"><span class='ocrx_word' id='word_1_124' title='bbox 309 2853 495 2912; x_wconf 86' lang='lat' dir='ltr'><strong>Simul</strong></span> <span class='ocrx_word' id='word_1_125' title='bbox 522 2855 792 2931; x_wconf 64' lang='lat' dir='ltr'><strong>poemata</strong></span> <span class='ocrx_word' id='word_1_126' title='bbox 818 2850 1046 2928; x_wconf 78' lang='lat' dir='ltr'><strong>attigit:</strong></span> <span class='ocrx_word' id='word_1_127' title='bbox 1086 2868 1273 2928; x_wconf 74' lang='lat' dir='ltr'><strong>neque</strong></span> <span class='ocrx_word' id='word_1_128' title='bbox 1302 2848 1457 2907; x_wconf 87' lang='lat' dir='ltr'><strong>idem</strong></span> <span class='ocrx_word' id='word_1_129' title='bbox 1482 2865 1737 2926; x_wconf 67' lang='lat' dir='ltr'><strong>unquam</strong></span> <span class='ocrx_word' id='word_1_130' title='bbox 1816 2864 1881 2914; x_wconf 83' lang='lat'><strong>15</strong></span> 
     </span>
     <span class='ocr_line' id='line_1_25' title="bbox 223 2943 1617 3028; baseline -0.005 -17"><span class='ocrx_word' id='word_1_131' title='bbox 223 2993 230 2996; x_wconf 96' lang='lat'>-</span> <span class='ocrx_word' id='word_1_132' title='bbox 309 2951 502 3028; x_wconf 87' lang='lat' dir='ltr'><strong>AEque</strong></span> <span class='ocrx_word' id='word_1_133' title='bbox 524 2960 612 3009; x_wconf 82' lang='lat' dir='ltr'><strong>est</strong></span> <span class='ocrx_word' id='word_1_134' title='bbox 639 2949 861 3020; x_wconf 77' lang='lat' dir='ltr'><strong>beatus,</strong></span> <span class='ocrx_word' id='word_1_135' title='bbox 891 2965 961 3006; x_wconf 73' lang='lat' dir='ltr'><strong>ac</strong></span> <span class='ocrx_word' id='word_1_136' title='bbox 985 2950 1197 3024; x_wconf 69' lang='lat' dir='ltr'><strong>poema</strong></span> <span class='ocrx_word' id='word_1_137' title='bbox 1216 2965 1353 3006; x_wconf 87' lang='lat' dir='ltr'><strong>cum</strong></span> <span class='ocrx_word' id='word_1_138' title='bbox 1382 2943 1617 3006; x_wconf 83' lang='lat' dir='ltr'><strong>scribit:</strong></span> 
     </span>
    </p>
   </div>
  </div>
 </body>
</html>
