2055 3364
670 233 1026 285 cunnus.
1072 238 1202 290 xm.
1656 245 1740 303 47

143 400 292 461 Non
323 420 550 479 aequum
571 414 660 465 est
676 424 958 483 pugnare,
979 418 1143 484 pater
1170 406 1305 484 quoi
1331 406 1569 467 tradidit
1587 409 1733 487 ipse,

143 499 290 578 Ipse
343 512 510 579 pater
549 522 686 562 eum
733 516 938 578 matre,
985 506 1196 581 quibus
1241 524 1442 582 parere
1488 526 1733 567 neeesse
1823 584 1833 595 ·

311 607 418 655 est.
797 606 813 627 ⁴
1666 619 1728 669 61

40 726 42 733 ·
149 695 480 773 Virginitas
493 716 611 755 non
633 708 756 757 tota
769 708 969 757 tuaest
987 718 1000 756 ι
1023 718 1097 756 ex
1115 708 1275 774 parte
1286 698 1589 775 parentfim
1608 710 1697 759 est
1716 720 1729 759 ε

149 792 362 851 Tertia
390 814 520 871 pars
547 796 698 872 patri
725 795 880 869 data,
907 816 1041 873 pai-s
1068 796 1401 869 datatertia
1426 798 1627 869 matri;

147 889 360 949 Tertia
389 893 510 950 sola
535 902 638 951 tua
663 903 786 953 est:
830 894 948 953 noli
973 914 1237 973 pugnare
1266 895 1511 967 duobuS,

141 987 276 1050 Qui
302 1008 522 1066 genero
551 1011 655 1048 sua
677 992 808 1069 jura
835 993 1004 1051 simul
1030 1014 1163 1052 eum
1186 994 1318 1052 dote
1340 994 1641 1053 dederunt.
1664 1008 1729 1058 65

149 1086 389 1164 Hymen
417 1108 454 1147 ο
481 1090 836 1166 Hymenaee!
882 1090 1119 1167 Hymen
1143 1093 1280 1149 ades
1304 1113 1343 1150 ο
1371 1092 1725 1169 Hymenaee!

661 1346 1023 1405 CARMEN
1066 1346 1231 1417 XLI.

783 1506 882 1563 De
909 1504 1086 1583 Atye.

147 1664 338 1744 Super
361 1665 478 1724 alta
500 1675 704 1725 vectus
731 1666 880 1744 Atys
907 1666 1087 1726 celeri
1111 1676 1235 1726 rate
1264 1668 1466 1742 maria,

143 1763 464 1841 Phrygium
491 1783 698 1822 nemus
725 1764 902 1824 citato
929 1764 1143 1841 cupide
1168 1766 1317 1842 pede
1342 1766 1552 1844 tetigit,

27 1899 38 1910 ·
147 1860 429 1937 Adiitque
457 1879 641 1938 opaea
667 1861 824 1918 silvis
850 1861 1121 1918 redimita
1145 1862 1275 1919 loca
1301 1861 1445 1919 Deae
1470 1882 1483 1919 :

141 1957 489 2018 stimulatus
517 1957 618 2028 ubi
646 1956 862 2022 furenti
885 1955 1067 2027 rabie,
1089 1975 1269 2032 vagus
1297 1957 1496 2029 animi,

139 2054 414 2116 Devolvit
441 2055 538 2114 illa
566 2055 738 2113 acute.
764 2053 873 2112 sibi
901 2055 1159 2131 pondera
1185 2053 1365 2112 silice.
1689 2071 1723 2120 5

141 2152 352 2230 Itaque
373 2162 437 2211 ut
463 2152 666 2223 relieta
691 2151 871 2210 sensit
897 2151 1008 2210 sibi
1036 2151 1297 2211 membra
1324 2150 1451 2210 sine
1476 2151 1618 2230 yiro,
1688 2199 1702 2206 -

139 2248 224 2308 Et
248 2249 370 2326 jam
397 2259 636 2311 recente
660 2258 826 2328 teri-ae
853 2249 975 2308 sola
1001 2248 1286 2325 sanguine
1314 2249 1635 2321 maculam,

137 2346 350 2405 Niveis
377 2346 554 2404 citata
581 2346 734 2422 cepit
763 2345 1031 2407 manibus
1057 2345 1182 2403 leve
1210 2355 1508 2420 typanum,

142 2444 484 2522 Typanum,
511 2443 730 2516 tubam,
761 2444 1022 2520 Cybelle,
1050 2453 1171 2515 tua,
1202 2441 1412 2514 Mater,
1442 2441 1609 2502 initia
1633 2464 1647 2502 ε

139 2539 552 2619 Quatiensque
579 2552 744 2618 terga
768 2541 918 2599 tauri
945 2540 1161 2598 teneris
1190 2557 1333 2596 cava
1358 2538 1573 2616 digitis,
1658 2556 1723 2605 10

145 2639 378 2700 Canere
396 2641 523 2698 haec
540 2640 659 2698 suis
673 2640 869 2698 adorta
881 2650 968 2696 est
982 2637 1364 2696 tremebunda
1380 2639 1721 2698 comitibus:

225 2737 428 2815 Agite,
441 2737 520 2795 ite
537 2738 611 2796 ad
629 2731 978 2809 alta,Gallae,
992 2735 1243 2810 Cybeles
1265 2754 1500 2796 nemora
1516 2736 1717 2807 simuls;

137 2833 332 2896 Simul
359 2837 462 2908 ite,
489 2834 876 2912 Dindymenae
903 2832 1151 2894 dominae
1178 2851 1327 2910 vaga
1350 2852 1581 2911 peoora,
