2055 3364
670 251 1032 301 CATULLUS.
1060 254 1214 304 XLII.
1641 259 1726 316 59

143 398 441 460 Praeterea
465 399 621 472 ium,
649 402 809 460 nullo
834 405 957 464 sola
984 405 1174 464 insula
1199 416 1352 464 tecto
1376 427 1388 466 ε

142 498 282 566 Nec
309 507 467 574 patet
494 517 778 576 egressuS,
802 500 992 578 pelagi
1014 501 1384 579 cingentibus
1407 503 1595 566 undis.
1630 518 1724 570 185

142 597 331 659 Nulla
356 597 508 673 fugae
537 597 681 654 ratio
704 617 718 667 ;
762 598 919 656 nulla
949 619 1114 674 spes:
1157 601 1354 658 omnia
1381 612 1581 674 muta,

142 693 369 752 Omnia
396 703 531 751 sunt
559 694 818 751 deserta:
861 703 1155 754 ostentant
1181 697 1378 755 omnia
1404 698 1599 756 letum.

145 791 287 851 Non
314 799 513 848 tamen
544 799 676 849 ante
704 789 847 846 mihi
875 790 1254 868 languescent
1275 793 1498 852 lumina
1523 805 1725 868 morte,

144 888 282 948 Nec
308 887 469 964 prius
498 905 533 947 a
560 887 711 946 sesso
737 888 1015 945 secedent
1042 908 1278 966 corpore
1305 911 1530 964 sensus,
1573 957 1584 971 Ι
1635 907 1728 956 189

141 985 351 1048 Quam
377 985 593 1062 justam
624 1004 658 1042 a
686 985 849 1044 Divis
877 1004 1184 1066 enposcam
1211 989 1438 1064 prodita
1467 989 1725 1061 multam,

146 1081 583 1160 Coelestfimque
611 1083 782 1141 fidem
812 1084 1099 1160 postrema
1126 1104 1458 1161 comprecer
1487 1087 1644 1146 hora.

143 1177 377 1250 Quare,
407 1177 559 1235 facta
587 1177 770 1234 virum
802 1177 1111 1234 multantes
1137 1179 1368 1236 vindice
1395 1182 1588 1255 poenfi„

150 1273 531 1346 EumenideS‚
560 1274 767 1350 quibus
796 1275 1086 1350 anguineo
1107 1275 1374 1333 redimita
1401 1277 1610 1354 capillo

150 1373 340 1432 Frons
368 1371 726 1449 exspirantes
754 1381 1059 1448 praeportat
1084 1373 1332 1449 pectoris
1361 1374 1494 1446 iras,
1532 1362 1536 1366 ¹

152 1471 291 1532 Huc
320 1471 439 1529 huo
470 1469 793 1539 adventate,
824 1487 981 1526 meas
1011 1467 1204 1526 audite
1231 1471 1513 1546 querelae,
1633 1485 1728 1539 195

149 1571 325 1634 Quas
365 1587 475 1644 ego
492 1566 628 1647 -⁴(vae
664 1567 888 1626 miserae
914 1567 959 1646 l)
1001 1568 1273 1628 extremis
1313 1570 1564 1646 proferre
1611 1589 1728 1630 me·

314 1666 487 1725 dullis
535 1710 539 1719 .

154 1767 371 1845 Cogor,
400 1764 585 1840 inoPS,
616 1764 843 1834 ardens,
875 1762 1090 1821 amenti
1117 1782 1278 1821 caeca
1304 1764 1510 1823 furore.

148 1864 309 1927 Quae
334 1860 605 1939 quoniam
634 1879 767 1918 vere
796 1871 1114 1917 nascuntur
1141 1869 1372 1935 pectore
1402 1860 1474 1918 ab
1502 1860 1636 1933 imo,

152 1964 277 2021 Vos
303 1960 481 2019 nolite
508 1958 629 2036 pati
654 1967 917 2015 nostrum
946 1975 1258 2013 vanescere
1285 1956 1540 2015 luctum:

152 2061 294 2133 Sed,
324 2058 479 2135 quali
505 2056 683 2115 solam
715 2055 985 2113 Theseus
1014 2074 1107 2111 me
1135 2066 1328 2111 mente
1356 2055 1602 2131 reliquit,
1635 2070 1730 2121 200

152 2158 294 2218 Tali
322 2167 537 2228 mente,
566 2155 728 2226 Deae,
758 2153 1011 2211 funestet
1038 2172 1212 2229 seque
1241 2172 1502 2230 suosque.

235 2254 365 2312 Has
392 2262 693 2329 postquam
719 2261 924 2309 moesto
950 2250 1203 2327 profudit
1229 2262 1462 2327 pectore
1490 2270 1680 2323 voces,

154 2350 521 2429 Supplicium
548 2348 715 2407 saevis
742 2366 1059 2425 exposcens
1088 2348 1259 2407 anxia
1286 2348 1453 2405 sactis
1476 2368 1490 2418 ;

156 2448 390 2509 Annuit
416 2446 633 2505 invicto
660 2446 978 2505 Coelestfim
1006 2444 1248 2504 numine
1276 2454 1496 2515 recten
1635 2460 1732 2513 204

154 2548 299 2610 Quo
325 2555 471 2617 tunc
496 2553 557 2602 et
580 2544 771 2615 telluS,
802 2551 970 2617 atque
1005 2542 1236 2600 horrida
1263 2549 1734 2607 contremuerunt

159 2645 440 2721 AEquorja,
466 2640 873 2716 concussitque
900 2638 1180 2695 micantia
1206 2636 1396 2697 sidera
1421 2639 1686 2700 mundus.

158 2743 295 2821 Ipse
324 2751 518 2805 autem
548 2740 707 2801 caecfi
733 2748 987 2797 mentem
1016 2736 1266 2814 caligine
1295 2736 1566 2797 Theseus

160 2840 459 2911 consitus,
484 2838 664 2899 oblito
690 2834 907 2898 dimisit
934 2844 1168 2912 pectore
1193 2844 1430 2909 cuncta,

1431 3086 1452 3116 9
