2055 3364
672 268 1033 316 cATULLUS.
1060 268 1192 314 xm.
1631 271 1713 330 49

142 416 320 496 Piger
346 417 445 478 his
464 417 725 478 labantes
750 419 1025 496 languore
1053 419 1252 478 oculos
1275 437 1444 496 sopor
1468 420 1668 499 operit.

144 512 291 570 Abit
320 513 381 571 in
408 513 598 588 quiete
627 515 784 573 molli
812 517 1045 580 rabidus
1074 515 1228 574 furor
1257 515 1451 574 animi.
1533 555 1540 562 ·

145 611 266 668 Sed
296 611 397 670 ubi
424 612 537 670 oris
567 613 725 672 aurei
756 615 854 672 Sol
882 614 1240 672 radiantibus
1266 615 1450 682 oculis
1653 631 1718 685 39

143 706 439 765 Lustravit
466 681 681 768 aether'a
710 711 923 782 album,
954 711 1076 769 sola
1103 710 1266 782 dura,
1295 729 1454 770 mare
1484 711 1690 785 serum,

144 804 489 881 Pepulitque
517 805 705 866 noctis
731 806 963 866 umbras
990 805 1209 883 vegetis
1235 806 1640 884 sonipedibu83

146 899 242 958 Ibi
268 919 506 960 somnus
533 902 786 960 excitum
814 905 971 980 Atyn
998 903 1230 980 fugiens
1257 902 1408 963 citus
1435 901 1609 962 abiit:

146 997 569 1075 Trepidantem
596 1019 730 1063 eum
758 1001 976 1078 recepit
1004 1000 1136 1058 Dea
1162 999 1436 1060 Pasithea
1463 1000 1613 1062 sinu.

146 1094 243 1155 Ita
268 1095 341 1154 de
370 1096 563 1172 quiete
591 1098 767 1170 molli,
796 1097 1001 1157 rabida
1026 1099 1154 1156 sine
1181 1097 1361 1171 rabie,

150 1190 338 1250 Simul
367 1191 495 1268 ipsa
518 1204 752 1270 pectore
780 1196 927 1271 Atys
954 1211 1062 1251 sua
1089 1193 1244 1252 facta
1269 1193 1534 1267 recoluit,
1619 1181 1630 1188 ’
1660 1207 1726 1268 325

147 1287 512 1370 Liquidfique
541 1299 733 1350 mente
762 1290 904 1348 vidit
931 1289 1060 1348 sine
1085 1287 1235 1366 quis,
1265 1288 1478 1366 ubique
1506 1289 1683 1364 foret3

152 1384 373 1454 Animo
400 1395 679 1448 aestuante
705 1406 933 1446 rursum
954 1385 1204 1444 reditum
1233 1385 1303 1444 ad
1326 1385 1474 1444 vada
1501 1385 1722 1448 tetulit:

151 1479 244 1538 Ibi
270 1481 457 1540 maria
484 1492 644 1540 vasta
668 1482 860 1540 visens
887 1479 1566 1558 lacrymantibus‘oculis,

150 1577 409 1638 Patriam
439 1579 686 1639 allocuta
713 1598 854 1638 voce
882 1588 970 1637 est
996 1577 1080 1637 ita
1103 1587 1311 1638 moesta
1337 1577 1658 1660 miscriter:

228 1676 428 1737 Patria
445 1697 481 1737 o
502 1698 635 1739 mea
654 1677 902 1737 creatrix
924 1677 938 1736 Ξ
962 1676 1149 1755 patria
1163 1696 1200 1735 0
1217 1696 1350 1735 mea
1363 1675 1640 1754 genitrix!
1664 1690 1728 1739 50

153 1774 284 1855 Ego
310 1794 483 1852 quam
505 1776 677 1835 miser
703 1776 1054 1851 relinquenS,
1077 1773 1342 1833 dominos
1361 1783 1426 1831 ut
1447 1772 1726 1849 herifugae

154 1870 386 1930 Famuli
413 1873 617 1946 solent,
643 1874 721 1933 ad
750 1873 873 1931 Idae
900 1870 1066 1929 tetuli
1093 1887 1332 1928 nemora
1356 1870 1600 1945 pedem3

152 1968 232 2027 Ut
258 1969 414 2045 apud
443 1968 635 2027 nivem
662 1977 721 2025 et
748 1966 999 2024 ferarum
1026 1964 1222 2040 gelida
1247 1963 1474 2021 stabula
1499 1964 1703 2039 forem,

154 2064 231 2125 Et
260 2083 462 2122 earum
489 2063 686 2122 omnia
714 2062 931 2122 adirem
960 2059 1273 2119 furibunda
1297 2058 1575 2117 latibula:

154 2155 429 2234 Ubinain,
454 2170 552 2219 aut
572 2159 779 2235 quibus
805 2158 948 2217 locis
970 2168 1027 2215 te
1050 2156 1314 2233 positam,
1335 2155 1541 2233 patria,
1562 2159 1730 2217 rear?

156 2257 338 2336 Cupit
365 2258 489 2335 ipsa
515 2258 731 2335 pupula
758 2256 831 2314 ad
859 2266 915 2313 te
944 2254 1055 2336 sibi
1083 2253 1330 2331 dirigere
1359 2253 1568 2327 aciem,
1666 2268 1732 2317 56

158 2355 356 2414 Rabie
383 2355 507 2413 fera
534 2374 741 2413 carens
768 2354 905 2411 dum
928 2352 1099 2409 breve
1120 2361 1347 2425 tempus
1369 2349 1596 2408 animus
1622 2359 1727 2408 est.

160 2455 370 2533 Egone
400 2472 435 2511 a
458 2453 591 2512 mea
610 2462 827 2512 remota
850 2452 977 2509 haec
999 2451 1149 2508 ferar
1172 2448 1232 2506 in
1259 2466 1496 2506 nemora
1523 2447 1728 2508 domo?

159 2550 376 2623 Patria,
406 2550 590 2623 bonis,
621 2548 841 2619 amiciS‚
870 2545 1228 2625 genitoribus
1256 2544 1472 2603 abero?

162 2651 365 2711 Abero
390 2649 531 2721 foro,
558 2646 843 2726 palaestra,
871 2644 1058 2703 stadio
1083 2653 1142 2700 et
1168 2642 1529 2721 gymnasiis?
1668 2657 1732 2707 60

163 2747 365 2819 Miser,
416 2746 493 2803 ah
544 2744 738 2815 miser,
787 2741 1144 2817 querendum
1191 2749 1278 2799 est
1330 2740 1504 2801 etiam
1561 2748 1730 2817 atque

324 2841 521 2917 etiam,
549 2841 756 2901 anime.
