2055 3364
323 296 395 355 14
845 294 1207 343 CATULLUS.
1238 296 1350 341 xn.

391 444 546 503 Nam
573 443 710 521 quid
740 443 852 502 feei
879 462 1006 523 ego,
1036 444 1244 520 quidve
1272 463 1398 502 sum
1424 445 1671 516 locutus,

392 542 514 600 Cur
540 560 633 599 me
661 550 746 599 tot
772 540 921 598 male
948 541 1219 618 perderes
1247 540 1474 617 poetis?
1846 555 1883 603 5

394 638 501 697 Isti
529 638 607 696 Di
638 639 788 696 mala
816 638 997 696 multa
1023 639 1164 696 dent
1190 637 1409 711 clienti,
1685 624 1703 635 ⁶

387 736 516 799 Qui
542 745 766 794 tantum
795 736 898 793 tibi
927 735 1083 794 misit
1110 734 1429 811 impiorum.

388 833 569 896 Quod
597 832 646 889 si
676 832 768 910 (ut
789 832 1081 909 suspicor)
1113 832 1223 890 hoc
1256 850 1467 890 novum
1494 848 1565 887 ao
1591 838 1883 906 repertum

389 928 610 985 Munus
637 928 734 984 dat
763 925 868 983 tibi
898 926 1063 983 Sulla
1089 926 1361 998 literator‚

387 1024 526 1084 Non
555 1033 641 1081 est
668 1020 748 1081 mi
776 1023 944 1094 male,
967 1024 1069 1081 sed
1098 1023 1245 1081 bene
1276 1041 1346 1081 ao
1372 1021 1559 1094 beate,
1816 1037 1881 1086 ιο

384 1120 564 1183 Quod
593 1140 711 1179 non
739 1119 1073 1196 dispereunt
1099 1119 1183 1178 tui
1210 1119 1451 1177 labores·

385 1217 467 1276 Di
494 1217 721 1295 magni!
767 1217 1095 1276 horribilem
1122 1226 1182 1275 et
1210 1236 1438 1275 sacrum
1464 1215 1753 1276 libellum!

383 1314 582 1378 Quem
604 1326 666 1373 tu
695 1313 921 1375 scilieet
948 1316 1018 1374 ad
1048 1326 1210 1375 tuum
1240 1314 1533 1373 Catullum

385 1411 572 1486 Misti,
601 1412 878 1472 continuo
905 1421 969 1471 ut
995 1412 1090 1471 die
1116 1411 1348 1488 periret,

383 1508 808 1580 Saturnalibus,
835 1509 1051 1584 optimo
1079 1508 1319 1566 dierum.
1813 1524 1879 1573 15

383 1603 544 1678 Non,
574 1622 690 1663 non
719 1604 829 1661 hoo
855 1603 982 1676 tibi,
1011 1604 1180 1675 salse,
1210 1603 1295 1661 sio
1326 1603 1533 1663 abibit:

383 1699 560 1772 Nam,
590 1700 639 1757 si
665 1698 894 1773 luxerit,
925 1699 997 1758 ad
1023 1697 1382 1758 librariorum

384 1795 631 1854 Curram
659 1794 906 1866 sorinia3
925 1793 1188 1867 ocaesios,
1218 1794 1524 1873 Aquinios,

383 1891 708 1968 Suffenum,
737 1891 934 1952 omnia
959 1891 1227 1970 colligam
1255 1903 1499 1967 venena,

381 1990 479 2047 Ao
507 1998 563 2047 te
591 1989 682 2048 his
703 1988 1004 2066 'suppliciis
1032 1989 1456 2050 remunerabor.
1560 2057 1567 2064 ‚
1803 2005 1877 2056 ,20

381 2085 504 2144 Vos
533 2086 673 2144 hino
702 2086 923 2144 interea
948 2085 1155 2159 valete,
1185 2086 1339 2144 abite

384 2180 555 2255 Illuo,
585 2181 739 2239 unde
768 2181 982 2239 malum
1008 2182 1217 2257 pedem
1245 2182 1472 2256 tulistis,

386 2275 558 2334 Saeoli
586 2276 972 2348 incommoda,
1001 2277 1237 2353 pessimi
1264 2281 1481 2355 poete!

812 2521 1173 2584 GARMEN
1214 2525 1359 2584 XII.

877 2655 983 2714 Ad
1010 2655 1322 2716 Coloniam.

299 2783 358 2841 Ο
387 2781 647 2854 Colonia,
674 2800 800 2858 quae
829 2781 994 2857 cupis
1018 2791 1194 2858 ponte
1222 2781 1418 2839 ludere
1446 2780 1637 2857 long0,

302 2879 380 2938 Et
405 2878 574 2938 salire
599 2889 858 2955 paratum
889 2878 1098 2948 habes;
1144 2878 1244 2936 sed
1273 2875 1485 2935 vereris
1511 2876 1705 2953 inepta
