2055 3364
616 255 981 304 cunnus,
1014 255 1173 305 Lxu.
1607 259 1688 318 37

100 409 353 484 Smyrna
400 425 573 490 σει-ηε
628 407 835 466 Atacis
882 406 1116 484 penitus
1163 406 1420 466 mittetur
1469 411 1540 467 ad
1579 429 1685 469 un-

264 507 403 576 das3
1649 523 1682 572 5

181 605 493 679 Smyrnam
521 603 735 662 incana
760 603 861 661 diu
891 603 1106 661 saecula
1131 604 1486 679 pervoliient.

68 704 180 761 Ἀἰ
203 701 413 760 Volusi
436 702 678 759 annales
701 700 991 778 [Paduam
1013 701 1328 761 morientur
1352 704 1422 760 ad
1446 703 1678 781 ipsam‚]

178 799 258 857 Et
284 799 445 857 laxas
472 797 753 856 scombris
780 815 933 873 saepe
961 796 1182 854 dabunt
1209 797 1452 856 tunicas.

95 897 287 956 Parva
313 895 431 954 mei
458 894 601 952 mihi
628 905 763 952 sunt
790 893 952 953 cordi
980 893 1340 954 monimenta
1369 894 1607 973 [laboris
1630 897 1678 976 ς]

180 994 265 1051 At
291 992 539 1072 populus
565 991 789 1051 tumido
814 991 1068 1070 gaudeat
1098 991 1467 1058 Antimacho.
1535 1025 1538 1032 ·
1617 1009 1682 1058 10

607 1273 971 1368 GARMEN
1012 1306 1177 1365 [Χῖ.

473 1482 581 1541 Ad
608 1482 869 1556 Calvum,
898 1481 966 1540 de
1001 1481 1322 1554 Quintiliti.

95 1661 163 1721 Si
182 1659 497 1739 quidquam
519 1657 693 1717 mutis
708 1668 937 1737 gratum
956 1668 1376 1738 acceptumque
1398 1663 1682 1741 sepulcris

178 1757 471 1816 Accidere
502 1776 537 1815 a
562 1768 777 1829 nostre,
810 1759 1009 1829 Calve,
1042 1759 1238 1816 dolore
1263 1768 1470 1835 potest,

92 1856 239 1918 Quo
268 1853 555 1912 desiderio
580 1864 804 1915 veteres
832 1873 1176 1912 renovamus
1207 1874 1448 1928 amore&

177 1952 375 2029 Atque
402 1950 539 2009 olim
572 1952 811 2010 amissas
840 1952 1046 2010 flemus
1075 1950 1392 2023 amicitias3

94 2050 275 2109 Certe
304 2067 420 2107 non
448 2057 610 2109 tanto
636 2068 789 2107 mors
826 2047 1135 2107 immatura
1161 2046 1341 2107 dolori
1368 2060 1458 2108 est
1645 2068 1685 2115 5
1769 2082 1784 2090 »

174 2145 505 2217 Quintiliae,
532 2155 814 2222 quantum
841 2146 1060 2225 gaudet
1086 2164 1280 2206 amore
1307 2156 1422 2206 tuo.

590 2400 956 2462 CARMEN
998 2400 1198 2461 LXII.

392 2579 638 2657 Inferioe
665 2582 749 2640 ad
770 2581 1014 2640 Fmtris
1057 2580 1376 2638 Tumulum.

94 2741 318 2801 Multas
343 2760 447 2819 per
473 2753 679 2819 gentes
706 2750 767 2799 et
791 2740 983 2804 multa,
998 2758 1102 2817 per
1131 2758 1358 2816 aequorn
1383 2752 1603 2814 vectus,

176 2837 412 2899 Adveni
439 2840 545 2907 has
573 2839 834 2911 miserata,
866 2838 1063 2912 frater,
1091 2838 1164 2895 ad
1193 2836 1448 2910 inferias,
