2055 3364
689 263 1057 311 estuans.
1088 264 1216 311 mn.
1650 268 1731 329 33

688 487 1052 548 CARMEN
1095 488 1197 549 LI.

753 648 862 707 Ad
882 646 1131 725 Rufum.

149 798 334 880 Rufe,
361 806 508 865 mihi
530 806 738 866 frustra
760 824 830 865 ac
849 805 1239 885 nequidquam
1261 808 1481 867 credite
1504 810 1691 869 amice
1714 831 1729 881 ;

230 904 516 963 Frustra?
557 903 731 963 immo
752 924 964 982 magno
985 924 1119 964 cum
1144 906 1329 983 pretio
1353 916 1519 983 atque
1542 908 1693 966 malo
1712 928 1726 979 3

46 1072 48 1077 ,
149 1002 392 1061 Siccine
433 1002 718 1078 subrepsti
761 1002 861 1076 mi,
894 1012 1082 1081 atque,
1114 1002 1387 1062 intestina
1427 1023 1729 1081 perurens»,

232 1098 324 1157 Mi
350 1090 562 1157 misere
587 1099 848 1175 eripuisti
875 1101 1073 1157 omnia
1100 1094 1297 1159 frostra
1323 1102 1515 1160 bona?

44 1226 46 1231 ·
149 1196 448 1274 Eripuisti.
535 1196 703 1255 Heu!
749 1197 863 1257 heu
886 1207 1097 1255 nostrae
1118 1199 1353 1256 crudele
1375 1217 1665 1258 venenum
1697 1215 1729 1263 5

229 1294 418 1353 Vitae!
458 1294 610 1351 heu!
656 1294 770 1351 heu
801 1303 1009 1351 nostrae
1036 1294 1215 1369 pestis
1244 1293 1544 1353 amicitiae!

668 1490 1033 1589 CARMl'zN
1074 1530 1212 1591 LII.

733 1666 812 1724 In
849 1666 1139 1726 Lesbium.

147 1797 400 1857 Lesbius
461 1806 549 1854 est
600 1795 842 1874 pulcher
870 1818 882 1854 :
951 1796 1201 1872 quidni?
1268 1815 1441 1872 quem
1513 1797 1728 1855 Lesbia

310 1892 493 1964 malit,

225 1989 433 2052 Quam
461 2000 520 2046 te
549 2007 682 2046 cum
713 1987 834 2045 tota
861 1996 1057 2064 geute,
1089 1986 1339 2060 Catulle,
1368 1988 1487 2045 tua‘i.

148 2090 268 2148 Sed
299 2101 493 2146 tamen
523 2086 622 2146 hic
647 2085 888 2162 pulcher
916 2085 1130 2144 vendat
1166 2104 1301 2145 cum
1330 2096 1503 2164 gente
1532 2083 1731 2144 Catul-

310 2188 452 2258 lum,

227 2283 298 2342 Si
325 2283 438 2341 tria
463 2292 728 2341 notorum
757 2281 956 2339 suavia
983 2281 1316 2359 reppererit.

649 2519 1012 2578 CARMEN
1056 2518 1224 2577 LIII.

703 2653 812 2712 Ad
831 2652 1183 2712 Iuventium.

141 2786 418 2846 Nemone
445 2785 506 2844 in
532 2795 694 2846 tanto
719 2785 907 2864 potuit
932 2784 1145 2864 populo
1172 2803 1320 2858 esse,
1351 2765 1609 2857 Iuventi,

221 2885 422 2946 Bellus
448 2885 640 2958 home,
668 2905 840 2975 quem
870 2895 934 2945 tu
961 2885 1205 2963 diligere
1234 2885 1545 2961 incipet-ee,
