2055 3364
314 240 393 300 ⁷2
816 231 1174 279 cna-onnus.
1193 227 1364 278 κων.

313 387 461 447 Fixa
488 400 702 444 corona
730 381 909 452 foret3
952 382 1056 440 sed
1083 401 1189 440 nos
1214 399 1438 458 quoque
1467 380 1818 460 fulgeremus

395 484 633 542 Devotae
660 479 793 539 flavi
820 478 1053 538 verticis
1081 479 1318 538 exuviae.

310 581 619 642 Uvidulam
645 598 680 636 a
700 577 857 649 fletu,
880 577 1183 634 cedentem
1207 578 1278 634 ad
1301 578 1514 652 templa
1541 575 1756 648 Defim,
1786 597 1883 636 me

396 679 572 737 Sidus
598 678 657 736 in
689 674 937 752 antiquis
965 673 1116 732 Diira
1141 693 1352 733 novum
1381 674 1584 751 posuit.
1829 675 1840 685 “

314 775 575 855 Virginis
602 784 661 833 et
689 773 823 832 saevi
850 772 1195 849 contingens
1221 791 1470 848 namque
1499 772 1712 830 Leonis
1819 786 1888 835 65

397 874 668 944 Lumina,
698 871 937 929 Callisto
959 870 1164 946 juncta
1191 869 1504 944 Lycaoniae
1543 921 1549 928 .

316 973 524 1030 Vertor
552 969 615 1027 in
640 985 935 1037 occasum,
965 966 1192 1023 tardum
1221 966 1340 1024 dux
1367 977 1499 1023 ante
1527 967 1772 1039 Booten,

394 1066 521 1130 Qui
547 1063 641 1122 vix
667 1081 797 1122 sero
823 1063 937 1120 alto
963 1061 1238 1138 mergitur
1265 1060 1526 1120 Oceano.

320 1165 458 1239 Sed,
486 1178 831 1239 quamquam
868 1178 961 1218 me
1000 1171 1174 1218 nocte
1213 1168 1482 1236 premunt
1521 1158 1766 1238 vestigia
1792 1159 1897 1218 Di·

478 1259 633 1332 vfim,

398 1358 562 1416 Luce
590 1365 783 1415 autem
809 1373 971 1414 canae
997 1352 1218 1429 Tethyi
1243 1352 1511 1412 restituor
1534 1374 1548 1422 ;
1823 1369 1890 1419 70

322 1454 507 1533 (Pace
532 1453 637 1512 tud
664 1452 769 1512 fari
799 1452 924 1510 haec
949 1450 1144 1524 liceat,
1173 1448 1544 1508 Rhamnusia
1569 1448 1764 1528 virg03

400 1549 667 1626 Namque
694 1567 804 1624 ego
828 1566 947 1604 non
974 1545 1092 1604 ullo
1119 1565 1256 1604 vera
1283 1547 1484 1605 timore
1512 1557 1738 1624 tegam3

320 1643 479 1719 Non,
508 1645 559 1730 si
586 1663 677 1703 me
706 1641 927 1701 infestis
952 1641 1281 1719 discerpant
1307 1642 1498 1701 sidera
1524 1643 1715 1718 dictis,

399 1744 651 1803 Condita
676 1740 815 1818 quin
842 1740 963 1798 veri
986 1739 1238 1815 pectoris
1263 1741 1554 1821 evoliiam)

323 1842 461 1904 Non
489 1842 581 1901 his
617 1850 735 1899 tam
776 1838 935 1898 laetor
976 1836 1170 1910 rebus,
1197 1856 1370 1915 quam
1398 1859 1490 1899 me
1521 1841 1714 1900 abfore
1741 1862 1895 1903 sem-

478 1960 602 2017 per,
1197 1976 1208 1987 ·
1823 1957 1892 2005 ⁷5

326 2036 333 2047 ‘
403 2036 619 2095 Absore
646 2053 739 2093 me
768 2052 803 2093 a
828 2034 1076 2093 dominae
1103 2033 1338 2106 vertice,
1368 2034 1688 2094 discrucior
1714 2057 1727 2094 :

323 2132 584 2197 Quicum
612 2150 741 2208 eg0‚
768 2131 907 2189 dum
935 2130 1097 2207 virgo
1133 2131 1422 2205 quondam
1465 2132 1590 2205 fuit,
1616 2134 1894 2193 omnibus

488 2212 777 2308 [explens]

403 2324 749 2404 Unguentis,
778 2323 897 2383 una
920 2322 1102 2381 millia
1127 2324 1308 2383 multa
1335 2325 1470 2384 bibi.

324 2425 505 2484 Nunc
534 2443 651 2495 vos,
678 2431 872 2499 optato
896 2440 1039 2498 quas
1060 2420 1252 2498 junxit
1277 2422 1496 2481 lumine
1523 2425 1692 2497 taeda,

404 2520 539 2580 Non
567 2519 725 2597 prius
753 2506 1042 2579 unanimis
1069 2538 1308 2596 corpora
1333 2521 1673 2599 conjugibus
1825 2541 1892 2591 80

326 2616 590 2689 Tradite,
618 2616 903 2675 nudantes
930 2615 1147 2692 rejecta
1175 2626 1330 2675 veste
1356 2618 1615 2695 papillae,

402 2713 601 2777 Quam
622 2713 884 2789 jucunda
910 2713 1052 2773 mihi
1079 2732 1320 2773 munera
1343 2714 1485 2773 libet
1509 2735 1694 2793 onyx;

326 2808 535 2873 Vesta
558 2828 731 2886 onyx,
759 2820 919 2872 casto
942 2812 1137 2888 petitis
1161 2832 1289 2889 quie
1309 2812 1442 2889 jura
1468 2814 1660 2876 cubili.
