2055 3364
321 249 399 307 7⁰
503 217 510 227 “
828 244 1192 295 οΑἹὌιιυε.
1220 244 1393 293 xmv.

318 395 501 456 Estne
543 397 706 456 novis
752 396 948 475 nuptis
999 398 1135 457 odic
1189 397 1434 456 Venus'l
1484 414 1639 455 anne
1682 414 1891 475 paren-

476 493 600 551 tum
1826 478 1915 559 ιε’

392 590 764 648 Frustrantur
791 590 950 648 falsis
975 588 1190 667 gaudia
1218 590 1566 666 lacrymulis,

317 688 576 746 Ubertim
603 670 842 747 thalami
867 708 1012 764 quas
1041 688 1192 747 intra
1220 687 1421 747 limina
1446 689 1695 747 fundunt
1712 691 1739 746 ’ἱ

395 785 552 858 Non,
582 786 662 845 ita
689 806 782 845 me
811 786 967 859 Divi,
995 804 1133 845 vera
1156 796 1416 863 gemunt,
1438 787 1671 864 juerint.

314 882 386 941 Id
415 903 545 941 mea
572 903 664 941 me
693 884 888 941 multis
914 884 1113 941 docuit
1136 884 1339 960 regina
1364 885 1630 959 querelis,

393 980 689 1038 Invisente
717 1000 866 1038 novo
891 982 1095 1056 proelia
1118 991 1276 1039 torva
1304 980 1441 1040 viro.
1820 999 1890 1051 20

314 1077 392 1136 Ut
419 1087 480 1134 tu
507 1096 667 1135 nunc
692 1078 895 1134 orbum
921 1077 1068 1135 luxti
1095 1077 1325 1135 deserta
1350 1077 1563 1153 cubile,

392 1173 469 1232 Et
499 1174 686 1233 fratris
714 1175 834 1233 cari
861 1174 1053 1233 flebile
1078 1174 1425 1233 discidium!

311 1271 512 1334 Quam
539 1272 770 1348 penitus
796 1282 1029 1330 moestas
1055 1272 1250 1330 exedit
1276 1290 1419 1330 cura
1445 1271 1761 1335 medullas!

394 1369 473 1427 Ut
501 1369 604 1427 tibi
633 1389 792 1445 nunc
818 1379 937 1428 toto
963 1379 1196 1446 pectore
1225 1368 1484 1427 sollicitae

314 1466 596 1525 Sensibus
665 1467 878 1543 ereptis
949 1485 1116 1525 mens
1188 1464 1441 1526 excidit!
1526 1467 1708 1547 Atqui
1772 1486 1892 1547 ego

472 1573 628 1621 certe
1818 1581 1891 1632 25

389 1658 722 1738 Cogncram
751 1678 786 1718 a
809 1658 988 1736 parva
1013 1658 1238 1737 virgine
1265 1660 1714 1738 magnanimum.

310 1760 486 1816 Anne
518 1757 731 1815 bonum
757 1756 937 1816 oblita
959 1776 1024 1815 es
1052 1755 1297 1829 facinus,
1325 1777 1439 1834 quo
1458 1757 1683 1837 regium
1712 1761 1892 1840 adep-

467 1866 528 1914 ta
554 1875 618 1914 es

386 1952 762 2030 conjugium,
791 1953 941 2028 quod
973 1971 1093 2011 non
1123 1951 1318 2010 fortior
1349 1952 1499 2012 ausit
1528 1954 1677 2013 alis?

305 2050 427 2108 Sed
456 2060 600 2122 tum,
629 2061 834 2108 moesta
863 2050 1046 2109 virum
1074 2049 1327 2124 mittens,
1352 2069 1482 2126 quae
1524 2052 1699 2113 verba
1722 2053 1889 2116 locu-

468 2156 529 2205 ta
555 2166 618 2204 es
641 2148 654 2204 !

385 2245 644 2322 Jupiter!
688 2254 752 2302 ut
779 2241 928 2301 tristi
953 2243 1177 2302 lumina
1202 2263 1355 2322 soepe
1381 2249 1595 2306 manu!
1815 2265 1883 2316 30

302 2344 460 2407 Quis
489 2354 545 2401 te
573 2341 813 2402 mutavit
839 2351 1035 2400 tantus
1061 2340 1269 2402 Deus?
1312 2363 1384 2402 an
1414 2346 1565 2420 quod
1594 2357 1856 2408 amantes

383 2441 522 2498 Non
549 2441 724 2517 longe
751 2459 786 2497 a
815 2457 952 2496 caro
977 2457 1215 2514 corpore
1246 2439 1445 2498 abesse
1473 2441 1716 2500 volunt?

304 2536 498 2610 Atque
527 2536 606 2594 ibi
634 2556 726 2594 me
755 2535 985 2594 cunctis
1011 2555 1115 2612 pro
1142 2535 1299 2594 dulci
1326 2536 1573 2614 conjuge
1602 2538 1787 2613 Divis,

383 2631 522 2690 Non
550 2632 675 2690 sine
703 2633 932 2691 taurino
959 2633 1262 2709 sanguine,
1290 2633 1545 2709 pollicita
1571 2654 1654 2708 eS,
1812 2651 1877 2703 34

300 2730 367 2789 Si
395 2728 642 2789 reditum
671 2731 953 2788 tetulisset
979 2730 1031 2788 is
1056 2731 1211 2788 haud
1235 2731 1295 2790 in
1316 2740 1571 2808 tempore
1598 2733 1792 2813 longo,
1814 2745 1877 2796 et

375 2826 624 2904 Captam
653 2825 856 2884 Asiam
886 2827 1126 2904 AEgypti
1153 2827 1364 2888 finibus
1390 2829 1682 2908 adjiceret.
